2036 3476
169 175 247 272 176
360 161 700 274 AE'Nutoos

164 329 223 394 (Ut
231 329 321 397 potids
331 347 410 396 reor,
426 333 453 386 dt
463 331 554 400 potitis
563 329 612 384 Dii
622 331 731 384 nurnine
742 329 850 385 firment
860 334 891 400 l)

163 428 227 478 Non
239 445 290 498 ego
303 469 311 493 ‚
329 445 377 483 nec
395 429 505 482 Teucris
519 431 602 482 Italos
613 429 705 497 perere
715 428 830 494 jubebo,

110 525 224 589 190Nec
238 525 305 578 mihi
317 543 397 596 regna
408 541 482 594 peto.
493 526 600 580 paribus
609 527 637 579 se
648 526 752 596 legibus
763 528 846 579 amba

162 622 274 676 'Invida
284 637 376 694 gentes
385 638 483 676 eterna
492 624 522 676 in
531 625 631 678 foedera
642 624 758 678 mittant.

165 721 242 772 Sacra
249 722 377 791 Deosque
388 723 455 774 dabo
465 741 473 774 t
486 722 561 774 socer
574 739 646 776 arma
656 721 765 774 Latinus
775 721 892 785 habeto,

164 816 310 885 Imperium
319 817 438 870 solemne
448 818 524 872 socer
536 837 543 871 t
556 818 624 870 mihi
633 818 734 870 moenia
740 818 838 871 Teucri

166 899 351 978 Constituent‚
367 915 478 984 urbique
492 913 563 968 dabit
576 915 688 968 Lavinia
699 931 809 968 nomen.

114 1023 161 1076 195
203 1011 247 1064 Sic
258 1013 332 1081 prior
343 1012 451 1066 AEneas.
462 1011 586 1081 Sequitur
595 1011 630 1065 fic
641 1012 735 1066 deinde
747 1012 853 1066 Latinus
865 1053 874 1077 ,

166 1109 317 1178 suspiciens
329 1113 428 1164 coelum
440 1149 448 1175 ,
463 1110 600 1180 tenditque
613 1109 737 1168 adlidere
748 1112 888 1164 dextram:

167 1207 231 1260 Haec
244 1210 335 1261 eadem
348 1247 355 1272 ‚
370 1207 471 1272 AEnea‚
486 1221 583 1260 tertam
596 1247 603 1270 ‚
620 1223 710 1271 mate,
729 1206 810 1262 fidere
821 1207 902 1274 juro,

167 1304 328 1374 Latonaeque
340 1321 423 1374 genus
435 1307 552 1374 duplex,
568 1305 582 1359 J
586 1321 719 1373 anumque
730 1303 894 1368 bifrontem,

167 1401 286 1470 Vimque
299 1401 388 1454 Derim
395 1401 529 1454 infernam
540 1441 547 1467 ‚
565 1403 591 1454 δι
602 1402 661 1455 duri
672 1400 782 1455 sacraria
791 1401 877 1456 Ditis.

114 1509 166 1548 200
173 1500 270 1553 Audiat
279 1501 336 1554 haec
350 1499 465 1554 Genitor
478 1539 486 1564 ‚
500 1499 547 1570 qni
558 1500 658 1554 foedera
667 1499 777 1552 fulmine
790 1499 884 1552 sancit.

169 1597 263 1665 Tango
278 1613 353 1661 eras,
369 1597 523 1666 mediosque
535 1598 609 1668 ignes
621 1637 629 1660 ‚
643 1597 669 1650 dt
678 1597 787 1649 numina
797 1596 895 1649 testor:

167 1696 193 1746 N
194 1697 247 1745 ulla
262 1694 317 1746 dies
329 1710 421 1761 pacem
431 1695 499 1746 hane
507 1693 581 1746 Italis
592 1709 642 1746 nec
649 1693 750 1748 foedera
758 1707 864 1761 rumpet
876 1731 885 1755 ‚

168 1791 232 1856 Quo
244 1807 286 1844 tes
299 1807 411 1860 cumque
421 1792 533 1852 cedente
544 1808 598 1844 ‚nec
607 1809 650 1844 me
659 1792 702 1846 vis
712 1793 915 1846 ullevolentetn

167 1888 281 1942 Avertet
293 1927 300 1953 ‚
316 1905 373 1942 non
386 1927 394 1952 ,
409 1889 428 1942 st
440 1891 563 1942 tellurem
574 1887 692 1944 effundat
704 1889 733 1941 in
741 1889 823 1958 unda

114 2000 163 2054 205
173 1985 289 2040 Diluvio
303 1986 434 2051 miscens,
450 1990 585 2040 coelumve
600 1985 629 2038 in
644 1999 738 2038 tartara
750 1984 856 2038 solvat:
907 2031 912 2038 .

169 2073 915 2152 Utsceptrumhoc(dextrdsceptrumntmfottdgerebat)
1000 2077 1001 2146 f

169 2182 321 2250 Numquam
327 2180 421 2234 fronde
427 2179 482 2232 levi
488 2179 701 2248 fundetvitgulta
707 2195 793 2252 neque
799 2171 913 2242 umbras}

171 2279 239 2332 Cum
251 2279 331 2330 semel
343 2278 372 2330 in
383 2275 468 2346 sylvis
481 2276 537 2328 imo
548 2277 580 2328 de
593 2274 672 2344 stirpe
684 2273 797 2328 recisum

170 2374 258 2427 Matre
267 2387 356 2437 caret,
368 2371 509 2441 posuitque
520 2387 609 2425 comas
621 2373 647 2424 δι
655 2372 760 2426 brachia
768 2372 838 2426 ferro
850 2389 859 2431 ;

116 2491 168 2529 210
176 2471 251 2524 Olim
264 2472 359 2533 arbos,
375 2485 445 2522 nune
454 2466 563 2522 artificis
576 2483 669 2522 mantes
679 2484 730 2522 aere
742 2470 841 2522 decoro

171 2567 294 2630 lnclulit,
310 2566 477 2635 patribusque
493 2564 564 2617 dedit
575 2563 678 2632 gestare
687 2563 800 2620 Latinis.

139 2661 142 2669 ’
171 2663 280 2720 Talibus
292 2661 361 2715 inter
372 2664 399 2716 se
410 2660 549 2718 firmabant
559 2661 660 2718 foedera
670 2660 766 2726 diuis,
825 2715 828 2720 ,

172 2758 325 2831 eonspettu
337 2759 365 2811 in
377 2757 467 2812 medio
476 2774 617 2826 procerum
631 2777 639 2811 e
651 2773 708 2810 tum
718 2757 768 2814 rite
778 2757 888 2812 sacratas

172 2863 204 2918 In
218 2860 352 2916 flammam
362 2856 482 2930 jugulant
492 2857 606 2924 'pecudes
618 2894 625 2921 ,
639 2857 666 2910 dt
677 2855 777 2912 viscera
786 2854 861 2910 vivit
