2020 3462
306 141 687 252 Druensis.
810 162 861 270 83

122 282 203 388 Heri!
216 330 285 388 terri
297 328 390 404 ignoti
401 371 409 397 ‚
422 329 529 386 crnibus
540 331 599 385 data
610 330 697 400 praed'a
705 323 807 382 Latinis
868 321 921 390 485

120 427 287 503 Alitibusque
301 472 308 496 ,
325 429 393 497 jaces
408 435 414 485 !
428 447 477 483 nec
489 443 515 482 te
528 469 536 494 ‚
551 445 595 482 tua
607 429 697 482 funera
708 466 716 491 ‚
728 439 812 481 mater

120 529 258 595 Produxi,
271 529 383 599 preffive
393 531 486 582 oculos
498 568 505 592 ,
521 542 565 581 aut
573 529 685 580 vulnera
696 524 770 590 lavi,

121 623 204 680 velte
213 641 305 700 tegens
316 667 323 693 ‚
335 627 384 682 tibi
396 645 475 698 quam
485 625 576 680 noeies
586 624 677 679 festina
688 623 795 694 diesque

121 724 272 793 Urgebam‚
284 725 310 778 ἃ
319 725 371 778 teli
381 741 454 778 curas
464 724 565 778 solabar
577 723 671 776 aniles.

122 819 187 886 Qud
193 821 353 890 sequariaut
359 838 419 891 qum
424 837 494 875 nunc
500 835 581 885 artur,
587 819 729 888 avulsaque
736 815 861 884 membra,
868 818 925 874 49ο

122 919 155 970 Et
166 919 245 972 sunus
254 921 369 972 lacerum
379 921 457 972 tellus
465 920 545 972 habet
555 920 565 971 ἓ
577 917 629 972 ltoc
641 916 707 970 milti
719 919 751 970 de
760 931 802 982 te,

123 1015 209 1080 Nate,
222 1017 322 1072 refers?
333 1017 385 1071 hoe
396 1017 454 1070 sum
467 1015 588 1086 tetrique
598 1015 716 1085 marique
729 1016 816 1070 secuta
828 1017 841 1070 ἓ
873 1021 876 1028 ’

122 1111 209 1181 Figite
221 1130 279 1176 me,
293 1113 313 1164 li
325 1129 377 1182 qua
388 1111 425 1166 est
434 1113 518 1181 pietas
529 1131 537 1173 ;
550 1112 580 1166 in
588 1128 631 1165 me
643 1112 734 1166 omnia
742 1115 796 1166 tela

123 1207 276 1275 conjicite,
289 1208 408 1264 dRutuli
422 1215 428 1265 l
442 1227 486 1264 me
497 1209 610 1280 primam
620 1209 745 1263 absumite
757 1211 838 1266 ferto.

123 1308 178 1359 Aut
188 1321 217 1358 tu
229 1345 236 1370 ‚
251 1323 346 1376 magne
355 1307 431 1360 Pater
439 1306 558 1372 Divum,
569 1306 693 1360 miserere
703 1345 710 1371 ‚
721 1320 822 1376 tuoque
867 1311 920 1366 495

121 1401 242 1456 Invisum
251 1404 304 1457 hoc
313 1405 420 1460 detrude
430 1419 508 1475 caput
517 1405 563 1458 sub
572 1418 667 1458 tartara
676 1405 747 1470 telo,
837 1469 840 1474 Ι

123 1500 239 1566 Quando
251 1501 327 1554 aliter
336 1519 441 1572 nequeo
453 1503 585 1557 crudelem
597 1504 750 1570 abrumpere
761 1499 858 1556 vitam.

161 1597 223 1650 Hoc
232 1595 297 1650 fletu
306 1597 420 1652 concussi
430 1599 531 1664 animi,
546 1598 706 1670 moestusque
716 1615 764 1668 per
774 1615 870 1652 ornnes

124 1695 149 1746 it
161 1695 275 1763 gemitus
288 1713 296 1748 r
308 1709 416 1765 torpent
427 1695 542 1750 infradiae
552 1699 584 1752 ad
595 1698 691 1766 proelia
702 1695 785 1751 vires.

124 1792 201 1844 Illam
214 1791 398 1847 incendentem
409 1793 495 1849 ludius
505 1795 588 1850 ldaeus
600 1795 626 1848 δι
635 1794 734 1859 Adur,
874 1795 927 1852 500

124 1889 224 1943 Ilionei
235 1892 340 1946 monitu
352 1891 378 1946 δι
388 1893 501 1946 multtim
511 1893 682 1963 lacrymantis
695 1891 762 1957 ltili,

127 1984 285 2056 corripiunt
297 2027 305 2054 ,
319 1988 440 2058 interque
452 1997 545 2041 manus
558 1989 603 2041 sub
615 1989 683 2042 tecta
695 2000 840 2056 reponunt.

163 2084 200 2134 At
208 2083 271 2136 tuba
281 2084 427 2138 terribilem
439 2059 556 2137 sonitum
569 2086 661 2152 procul
672 2101 723 2138 aete
735 2099 837 2138 canoro

125 2179 261 2249 lnerepuit
274 2197 281 2233 ε
293 2181 411 2251 sequitur
421 2181 521 2234 clamor
533 2220 542 2246 ,
553 2183 705 2252 coelumque
717 2181 844 2255 remugit.

127 2279 282 2331 Accelerant
294 2277 458 2348 estinanter
468 2277 596 2332 testudine
609 2278 723 2358 Volsci,
877 2285 927 2342 ξος

128 2374 162 2426 Et
172 2373 250 2428 forsas
263 2375 373 2444 implere
386 2391 499 2445 parant,
513 2393 543 2430 ac
553 2379 654 2431 vellere
666 2360 781 2432 vallum:

128 2473 260 2540 Quaerunt
270 2489 330 2542 pars
342 2475 460 2540 aditum,
475 2475 501 2528 δι
512 2475 586 2530 scalis
597 2475 735 2530 ascendere
745 2481 857 2542 muros,‘

129 2569 190 2638 Qud
200 2585 257 2623 rara
266 2568 303 2624 est
314 2570 384 2625 acies
395 2612 402 2638 ,
415 2549 608 2642 interlucetque
620 2589 720 2626 corona

128 2669 195 2720 Non
205 2671 259 2720 tarn
271 2667 347 2738 spilla
357 2669 435 2724 viris.
447 2669 576 2725 Telorum
585 2667 718 2724 effundere
729 2669 822 2726 contri

130 2763 223 2818 Omne
234 2783 316 2837 genus
329 2767 425 2820 Teucri
437 2806 445 2832 ,
459 2785 488 2822 ac
498 2769 570 2822 duris
579 2773 716 2826 detrudere
727 2771 837 2836 contis,
877 2750 936 2831 ‘56⁰

33 2901 36 2906 ι
131 2859 234 2919 Affueti
243 2865 328 2936 longo
341 2881 432 2922 muros
445 2867 583 2925 defendere
592 2869 676 2926 bello.

141 2979 144 2986 ⁴
695 2965 726 3017 D
742 2963 775 3032 vi
