2020 3462
261 161 662 247 LraaaIX
781 193 831 277 ῃ

94 325 201 380 Absenti
211 327 278 382 serat
287 330 412 393 inferias,
430 331 588 398 decoretque
599 329 729 396 sepulcro.
840 343 890 394 215

94 426 153 476 Neu
165 427 243 478 matti
252 427 354 479 miserae
364 427 488 480 tantifim
500 425 574 479 causa
586 426 706 491 doloris,

65 571 68 578 ,
95 521 162 587 Quae
172 537 199 574 te
211 523 268 576 sola
282 563 289 588 ,
305 540 389 593 puer,
405 523 497 576 multis
507 541 522 576 e
534 525 660 576 matribus
670 523 731 576 ausa

95 619 266 689 Prosequitur
277 640 286 682 3
298 621 388 691 magni
400 637 449 674 nec
461 620 562 672 moenia
573 634 646 672 curat
655 619 765 672 Aceste.

23 709 27 716 ’
94 717 142 770 Ille
155 733 243 770 autem
256 737 263 770 t
278 718 373 771 Causas
384 717 560 787 nequicquam
573 715 655 770 neffis
665 717 775 783 inanes,

95 815 151 868 Nec
163 833 221 868 mea
232 816 285 883 jam
295 831 394 869 mutata
405 819 468 869 loco
478 816 606 868 sententia
616 815 695 870 cedit.
783 805 789 814 ’
843 831 897 870 220

96 914 294 976 Acceleremus,
307 915 353 966 ait.
368 913 472 982 Vigiles
485 912 561 965 simul
571 912 669 966 excitat
681 932 688 967 t
699 913 740 966 illi

95 1009 259 1072 Succedunt,
276 1009 434 1077 servantque
442 1009 517 1062 vices
528 1027 534 1061 :
547 1007 658 1063 statione
667 1009 775 1072 relicti,

95 1105 153 1174 Ipse
165 1121 255 1158 comes
265 1105 332 1157 Niso
344 1105 460 1175 graditur
473 1143 481 1168 ,
494 1105 646 1176 Regemque
656 1107 803 1174 requirunt.

19 1241 21 1264 k
98 1225 101 1232 ·
133 1205 228 1254 Cetera
236 1218 284 1270 per
292 1217 374 1255 terras
384 1217 479 1254 ornnes
492 1201 615 1254 animalia
625 1201 720 1254 somno

95 1299 230 1352 laxabant
241 1315 337 1363 curas,
355 1300 472 1352 &corda
481 1297 564 1352 oblita
572 1299 703 1354 laborum.
844 1321 892 1372 225

88 1393 229 1449 'Dudlotes
238 1397 370 1450 Teucrllm
379 1395 460 1466 primi
471 1436 478 1462 ,
496 1397 523 1450 &
534 1395 633 1450 delesla
642 1395 766 1461 iuventus
777 1438 785 1462 ,

96 1491 244 1544 confilium
254 1493 363 1546 sturmis
373 1493 448 1564 regni
458 1495 489 1546 de
499 1495 575 1546 rebus
585 1495 713 1547 habebant
723 1535 731 1559 ‚

96 1587 170 1653 Quid
179 1589 309 1653 facerent,
323 1589 415 1658 quisve
425 1589 514 1642 AEneae
523 1589 576 1656 jam
586 1588 694 1642 nuntius
704 1589 777 1658 effer.

97 1685 173 1736 Stant
182 1685 271 1754 longis
282 1685 373 1738 adnixi
383 1681 461 1738 hastis
475 1687 501 1740 dr
511 1687 582 1740 scuta
591 1701 712 1740 tenentes
723 1727 732 1751 ,

96 1779 249 1834 Castrorum
260 1782 285 1833 δι
295 1782 382 1851 campi
391 1781 491 1836 medio.
506 1785 576 1836 Tum
588 1783 683 1847 Nisus,
694 1785 720 1836 δι
729 1783 782 1836 uni
844 1798 898 1850 230

95 1878 226 1947 Euryalus
237 1877 375 1931 confestim
385 1881 482 1932 alacres
492 1879 625 1933 admittier
635 1895 713 1932 orant
723 1900 730 1933 :

95 1975 166 2026 Rern
171 1991 307 2045 magnam,
321 1975 490 2044 pretiumque
496 1992 578 2028 morae
585 1975 652 2028 fore.
659 1974 763 2028 Primus
769 1977 841 2028 liilus

95 2073 207 2142 Accepit
218 2073 335 2142 trepidos
349 2113 357 2137 ,
373 2089 402 2124 ac
414 2070 509 2124 Nisum
521 2071 606 2124 dicere
617 2069 695 2136 juffit.

96 2171 168 2222 Tum
179 2169 213 2221 stc
225 2168 382 2238 Hyrtacides
396 2167 510 2221 :Audite
520 2165 537 2218 ὂ
549 2165 681 2219 mentibus
691 2167 773 2236 aequis
785 2208 791 2233 ,

96 2267 220 2320 AEneadae
232 2285 239 2320 t
257 2281 326 2318 neve
336 2266 393 2318 haec
405 2264 500 2317 nostris
512 2263 661 2333 spectentur
670 2265 700 2316 ab
710 2265 786 2318 annis
843 2285 893 2337 235

96 2365 165 2431 Quae
177 2363 295 2448 serimus.
308 2363 400 2415 Rutuli
412 2364 507 2415 somno
519 2361 638 2431 vinoque
655 2362 750 2432 sepulti

95 2462 259 2515 Conticuere
269 2479 276 2513 ε
287 2446 377 2512 loctim
387 2457 485 2511 insidiis
495 2458 683 2527 conspeximus
696 2459 762 2528 ipsi,

95 2558 154 2624 Qui
163 2570 236 2626 patet
245 2557 274 2610 in
282 2557 358 2609 bivio
370 2573 454 2626 porte
466 2597 473 2621 ‚
491 2575 549 2626 quae
559 2555 684 2624 proxima
696 2571 783 2626 ponto
793 2556 839 2613 est.

92 2655 240 2724 Interrupti
251 2655 346 2725 ignes,
362 2669 468 2723 aterque
481 2655 513 2705 ad
527 2653 608 2706 sidera
613 2651 703 2708 sumus

93 2753 222 2823 Erigitur.
233 2753 261 2804 Si
274 2749 380 2805 fortuni
389 2749 544 2820 permittitis
554 2749 612 2816 uri,
707 2763 720 2776 ”
841 2772 895 2820 240

92 2849 243 2919 Quaesitum
254 2847 356 2903 AEneau
364 2849 397 2904 ad
405 2847 506 2903 moenia
514 2846 665 2911 Pallantea,

159 2947 246 3002 Tomur
265 2947 282 2999 1
285 2945 309 3005 I.
704 2943 732 2996 1)
