2036 3476
304 145 555 231 Lraart
597 142 686 230 XI.
779 174 857 254 ¹3⁷
972 223 985 280 ‘.

112 309 284 381 Prosequitur
294 311 376 388 vettii
387 351 396 378 ,
413 311 440 368 δι
451 310 542 368 verbis
549 310 609 368 -hec
620 309 727 380 iusuper
736 309 819 364 addit:

113 411 244 476 Quanam
253 426 305 470 vos
315 423 390 464 tanto
400 410 506 486 fortuna
516 405 759 481 iudigna‚Latini‚
851 437 854 442 ·
917 433 925 444 ν

110 507 248 578 Inplicuit
257 509 329 568 bello
341 547 349 574 ‚
362 508 409 578 qui
422 524 473 562 nos
482 505 591 578 fugiatis
602 505 725 560 amieos?

111 604 207 682 Paeeut
218 621 262 660 me
273 604 405 660 exanimis
416 607 443 660 dt
454 605 550 658 Martis
560 605 632 662 t'orte
641 599 788 674 peremptis
857 609 876 661 tt
883 607 917 647 ιο

113 701 228 758 Oratis?
242 702 366 773 equidem
379 703 405 756 dt
415 701 489 756 vivis
501 703 645 766 cottcedere
657 701 768 754 vellem.

112 801 169 854 Nec
178 798 243 854 vetti
256 837 264 864 ,
277 798 327 852 nisi
338 799 391 852 iata
400 799 491 852 locum
502 798 642 866 sedemque
652 794 796 856 dedissetre

113 898 169 950 Nec
178 898 277 952 bellum
287 911 348 950 curu
357 873 435 966 geute
445 910 519 965 gero.
530 893 591 946 Rex
601 892 688 952 nostra
697 892 806 962 reliquit

114 992 238 1062 Hospitia
250 1031 258 1059 ‚
275 993 302 1046 δι
313 991 399 1046 Turni
408 991 500 1060 potiris
510 992 537 1044 se
546 990 660 1044 eredidit
671 989 761 1044 armis.
777 1043 780 1048 .

113 1089 224 1160 AEquiits
235 1090 296 1144 huic
306 1091 428 1144 Turnum
437 1089 522 1144 fuerat
530 1088 558 1140 se
569 1104 707 1158 opponere
720 1086 818 1142 morti:
856 1101 874 1152 ¹t
883 1100 913 1152 15

114 1187 142 1240 Si
152 1188 252 1240 bellum
261 1185 339 1240 finire
348 1202 429 1240 manu
439 1225 448 1250 ,
459 1185 479 1238 sr
488 1186 587 1254 pellere
596 1184 715 1238 Teucros

113 1284 229 1364 Apparat
241 1323 249 1348 ,
261 1283 302 1336 his
316 1299 420 1338 mecum
431 1280 519 1336 decuit
528 1296 684 1334 concurrere
697 1278 775 1350 telier

115 1381 201 1436 Vixet
212 1420 219 1446 ‚
234 1381 278 1434 cui
288 1379 375 1434 vitant
386 1379 461 1432 Deus
471 1391 517 1434 aut
525 1377 571 1430 sua
580 1378 672 1430 dextra
681 1373 797 1430 dedisset.

113 1479 193 1532 Nunc
205 1476 260 1541 ite,
278 1477 304 1530 dt
315 1474 418 1530 miseris
428 1472 571 1544 supponite
582 1471 686 1526 civibus
698 1469 797 1542 iguem.

152 1572 268 1626 Dixerat
278 1571 395 1624 AEueas‘:
410 1571 459 1624 olli
471 1569 626 1640 obstupuere
636 1567 760 1632 filentes,
863 1585 918 1625 tto

115 1667 297 1738 Converfique
311 1667 404 1722 oculos
414 1665 484 1720 inter
494 1666 521 1722 se
531 1680 609 1736 atque
622 1681 669 1718 ora
680 1664 814 1724 tenebant.¹

113 1767 185 1819 Tum
195 1763 300 1830 senior,
313 1753 468 1832 semperque
480 1761 549 1816 odiis
561 1763 587 1816 dt
597 1760 707 1815 crimine
717 1761 837 1814 Drances
866 1800 870 1810 ,

5 1899 7 1904 -
112 1862 223 1924 Infestus
234 1860 327 1926 juveni
336 1861 430 1912 Turno
440 1895 449 1922 ‚
459 1859 493 1911 fic
506 1875 553 1912 ote
561 1857 679 1910 uicissim

114 1959 183 2014 Orsa
194 1957 275 2012 refert
288 1975 295 2009 t
306 1955 333 2008 Ο
343 1953 412 2008 fatui
422 1953 534 2024 ingens,
546 1952 681 2022 ingentior
692 1953 788 2032 arinis,

114 2057 166 2110 Vir
177 2053 315 2120 Troiane,
328 2051 422 2122 quibus
433 2051 505 2112 coelo
517 2063 543 2102 te
554 2051 673 2102 laudibus
684 2050 805 2118 aequem?
860 2025 913 2116 ἰη

112 2153 258 2210 Iustitiaene
268 2149 341 2221 priris
351 2147 450 2211 mirer,
461 2144 558 2199 belline
565 2131 687 2196 'laborum
697 2146 708 2197 ἓ

113 2252 172 2310 Nos
183 2246 250 2310 veri>
262 2249 317 2302 hoc
327 2243 440 2316 patriam
452 2241 520 2314 grati
532 2240 675 2293 referemus
688 2240 720 2291 ad
729 2240 821 2294 urbem
831 2259 840 2301 ς

113 2347 146 2402 Et
155 2363 182 2401 te
193 2385 201 2412 ,
213 2346 233 2399 si
244 2362 295 2416 qua
303 2343 377 2397 viam
389 2340 490 2396 dederit
500 2339 607 2392 forrum
620 2376 628 2400 ,
642 2335 738 2388 Latino

113 2446 259 2514 iungemus
269 2440 325 2512 regi
336 2459 342 2493 :
354 2453 454 2510 querat
464 2436 511 2490 sibi
522 2435 622 2488 foedera
632 2433 747 2486 Turnus.

113 2541 189 2611 Quin
201 2538 329 2596 &fatales
341 2551 479 2590 murorum
490 2534 612 2586 attollere
624 2532 724 2594 moles,
861 2545 916 2600 130

114 2643 235 2708 Saxaque
244 2634 396 2690 subveuare
407 2629 525 2686 humeris
537 2627 652 2698 Troiana
662 2625 772 2694 juvabit.

114 2735 229 2788 Dixerat
236 2733 307 2791 haret
317 2747 425 2799 unoque
435 2725 529 2786 omt'tes
539 2726 630 2778 eadem
643 2740 689 2777 ore
701 2724 871 2778 fremebant..

114 2831 160 2888 uis
172 2825 384 2900 seu0s⁷pepiqere
397 2825 453 2882 dies
465 2841 474 2886 ·‚
491 2824 518 2876 δι
526 2838 592 2893 pace
604 2818 735 2893 sequestri
