2036 3476
206 195 262 276 94
394 129 803 248 AErvnrnos.

206 333 284 396 Quos
294 329 362 384 alios
374 348 483 395 muros,
496 348 554 400 qure
566 327 618 393 iam
629 328 698 383 ultrd
710 330 811 384 moenia
822 331 939 386 habetis?

153 481 158 489 ,
206 429 283 480 Unus
295 430 379 483 homo
392 467 400 494 ,
412 431 438 482 δι
447 428 540 482 vestris
552 467 559 493 ,
576 428 677 482 dcives
691 434 697 484 !
709 428 825 498 undique
837 431 928 500 septus

207 525 353 594 Aggeribus
364 565 371 590 ‚
385 540 470 578 tantas
481 524 577 596 strages
586 523 698 594 impun'e
709 543 756 595 per
765 528 856 579 urbem

151 613 201 678 785
212 622 346 676 Ediderit?
359 621 488 687 juvenum
496 624 600 692 primos
610 637 652 676 tot
663 623 764 677 miserit
775 622 867 680 Oreo?

206 719 270 770 Non
280 718 392 772 infelicis
402 718 509 788 patriae,
520 735 695 790 veterumque
704 721 840 784 Deorum,

206 815 239 867 Et
250 816 338 887 magni
351 816 442 870 AEneae
451 818 543 888 segnes
553 818 713 887 miseretque
724 821 875 888 pudetque?

206 914 314 967 Talibus
324 915 422 968 accenfi
433 913 570 968 firmantur
581 956 590 981 ,
604 917 629 968 ἃ
639 918 743 986 agmine
755 917 836 970 denso

208 1010 366 1081 Confistuut.
377 1014 483 1066 Turnus
493 1012 620 1081 paulatim
629 1014 756 1066 excedere
766 1011 868 1082 pugnd‚

149 1114 204 1167 790
211 1108 244 1160 Er
252 1107 366 1162 fluvium
375 1123 466 1178 perere
477 1126 506 1162 ac
516 1124 618 1178 patrem
627 1126 685 1178 quae
697 1109 811 1180 cingitur
820 1110 905 1164 amni.

206 1204 299 1258 Acrius
311 1204 362 1258 hdc
373 1206 469 1259 Teucri
478 1208 594 1259 clamore
606 1206 757 1260 incumbere
770 1221 886 1275 magno,

206 1300 239 1352 Et
249 1303 396 1371 glomerate
406 1319 522 1354 manum.
534 1305 591 1356 Ceu
602 1301 702 1356 saevum
714 1304 788 1354 turba
796 1303 905 1355 leonem

207 1398 276 1450 Ctim
286 1399 346 1452 telis
356 1400 454 1468 premit
464 1400 570 1454 infenfis
581 1420 587 1454 :
600 1399 741 1453 atterritus
752 1399 797 1451 ille

206 1495 305 1563 Asper,
318 1499 408 1550 acerba
421 1511 498 1550 tuens
509 1537 516 1561 ,
529 1512 600 1550 retro
611 1496 678 1548 redit
682 1514 692 1562 3
707 1496 733 1548 δι
743 1511 828 1565 neque
840 1508 915 1566 terga
1002 1523 1003 1530 κ

150 1594 253 1656 7951ra
262 1595 321 1647 dare
331 1609 376 1646 aur
384 1594 471 1647 virtus
483 1593 599 1662 patitur,
613 1608 661 1645 nec
674 1592 781 1646 tendere
791 1591 902 1657 contri,

206 1691 254 1744 Ille
261 1691 368 1759 quidem
374 1691 426 1743 hoc
433 1690 557 1758 cupiens,
570 1688 642 1756 potis
650 1687 930 1759 estperteltvirosque
942 1707 948 1743 t

207 1786 285 1838 Haud
293 1785 369 1838 aliter
377 1785 552 1839 retto'dubius
562 1784 673 1854 vestigia
681 1786 786 1838 Turnus

205 1882 388 1950 Mptoperata
397 1880 494 1946 refert,
506 1881 534 1932 δι
542 1897 618 1934 meus
628 1880 753 1949 exaestuat
762 1879 810 1936 ird.

207 1977 282 2045 Quin
294 1978 374 2030 etiam
383 1977 423 2030 bis
433 1991 490 2030 tum
502 1977 604 2030 medios
616 1977 747 2030 invaserat
755 1977 857 2045 hostes,

152 2077 205 2128 800
213 2075 257 2128 Bis
269 2074 396 2128 conversa
404 2075 465 2145 fugd
474 2091 522 2144 per
532 2091 624 2127 muros
634 2075 739 2144 agmina
747 2075 839 2128 verrit.

207 2173 258 2226 Sed
268 2189 361 2226 manus
371 2189 386 2224 e
396 2172 482 2226 castris
492 2188 606 2241 propere
615 2171 671 2224 coit
683 2171 771 2225 omnis
781 2171 811 2225 in
820 2189 923 2236 unum

206 2269 263 2322 Nec
275 2268 367 2322 contrd
377 2269 449 2322 vires
461 2272 538 2335 audet
549 2269 670 2322 Saturnia
679 2268 750 2322 Juno

206 2365 329 2418 Sufficere
343 2384 349 2418 :
362 2364 460 2417 adriam
468 2367 540 2417 coelo
550 2381 611 2416 nam
620 2365 724 2434 Jupiter
732 2364 796 2416 Irim

206 2461 339 2534 Demisrt,
352 2477 481 2531 germana
493 2461 562 2512 haud
571 2463 663 2513 mollia
672 2459 735 2524 iuffa
744 2461 889 2527 ferentem,

152 2563 203 2630 805
213 2559 249 2613 Ni
259 2560 364 2612 Turnus
376 2560 450 2612 cedat
462 2558 626 2610 Teucrorum
638 2557 771 2610 moenibus
782 2558 853 2614 altit.

210 2657 280 2726 Ergo
294 2672 341 2710 nec
355 2659 453 2726 clypeo
464 2654 570 2722 juvenis
583 2654 714 2708 subfistete
723 2656 845 2720 tantum,

209 2754 265 2806 Nec
278 2752 369 2807 dextrd
378 2755 451 2806 valet
462 2770 468 2806 :
480 2749 583 2816 injectis
593 2751 628 2804 stc
640 2752 755 2822 undique
766 2751 827 2806 telis

159 2915 164 2925 .
211 2849 350 2906 Obruitur.
361 2847 460 2918 Strepit
469 2847 567 2932 affiduo
577 2864 642 2904 cava
651 2862 773 2920 tempora
782 2849 881 2906 circum
