2020 3462
122 199 179 299 76
323 193 658 283 AEusmos

121 360 248 428 Spondeo
260 359 338 430 digna
348 362 401 414 tuis
411 362 561 433 ingentibus
574 363 664 416 omnia
676 362 782 434 coeptis.

121 459 242 526 Namque
254 457 305 511 erit
315 457 361 512 ista
370 459 436 512 mihi
449 461 583 532 genitrix,
599 478 751 531 nomenque
761 459 864 514 Creiisae

122 555 216 608 Solum
227 555 357 617 desuerit·,
373 573 421 610 nec
433 571 537 626 partum
548 559 631 628 gratia
640 562 719 612 talem

121 651 206 706 Parva
215 668 321 717 manet,
334 653 406 707 casus
415 654 513 708 sedium
522 657 682 726 quicumque
694 655 845 725 sequentur.

68 748 120 802 300
128 748 176 802 Per
189 765 267 820 caput
278 751 331 803 hoc
341 750 401 816 juro
412 792 419 815 ,
432 768 480 820 per
489 756 562 822 quod
571 769 646 822 pater
656 753 717 806 ante
727 753 844 805 solebat:

122 847 190 913 Quae
200 847 248 902 tibi
257 847 389 916 polliceor
397 849 504 912 reduci,
518 849 645 918 rebusque
657 849 795 912 secundis,

121 944 187 996 Haec
198 945 289 996 eadem
299 943 429 1013 matrique
438 959 508 1007 mae,
521 945 663 1014 generique
675 945 826 997 manebunt.

158 1039 203 1092 Sic
215 1039 252 1091 ait
263 1039 434 1109 illacrymans
444 1059 451 1091 ι
461 1040 573 1092 humero
585 1039 660 1092 simul
670 1039 757 1094 exsuit
766 1041 855 1094 ensem

121 1137 250 1190 Auramm
262 1175 270 1201 ,
286 1135 354 1189 mird
364 1153 443 1206 quem
454 1137 552 1189 fecerat
560 1151 615 1189 arte
625 1137 734 1207 Lycaon

67 1235 116 1289 305
127 1215 260 1300 Gnosius,
272 1250 351 1305 atque
360 1235 475 1288 habilem
482 1234 580 1305 vagind
590 1234 691 1302 aptdrat
701 1232 807 1286 eburnd.

119 1333 176 1385 Dat
186 1331 253 1384 Niso
263 1329 415 1384 Mnestheus
427 1332 525 1400 pellem
537 1369 545 1394 ,
558 1331 741 1400 horrentisque
750 1329 837 1382 leonis

119 1429 249 1482 Exsuvias
262 1447 270 1480 ε
288 1430 388 1498 galeam
400 1427 468 1482 fidus
477 1441 610 1497 permutat
620 1428 738 1482 Alethes.

119 1527 244 1579 Protinus
254 1525 347 1578 armati
357 1525 481 1578 incedunt
493 1567 500 1590 ,
513 1543 581 1595 quos
594 1525 682 1577 omnis
693 1536 786 1577 euntes

121 1623 272 1675 Primorum
279 1639 371 1675 manus
378 1625 409 1675 ad
416 1637 515 1691 portas,
522 1623 713 1690 juvenumque,
720 1623 863 1691 senumque

66 1723 118 1776 310
125 1718 294 1787 Prosequitur
302 1718 393 1779 uotis,
404 1735 452 1772 nec
464 1736 520 1771 non
531 1719 556 1771 δι
568 1720 677 1788 pulcher
686 1720 771 1782 liilus,

120 1816 190 1867 Ante
201 1830 285 1866 annos
296 1813 465 1884 animumque
478 1830 586 1884 gerens,
596 1831 737 1884 curamque
746 1799 862 1880 uirilem,

121 1914 208 1964 Multa
219 1911 288 1980 patri
296 1911 426 1979 portanda
437 1911 513 1963 dabat
521 1912 650 1964 mandata.
661 1911 713 1963 Sed
723 1928 791 1964 aurae

121 2008 222 2062 Omnia
235 2009 404 2077 discerpunt,
418 2009 444 2062 δι
455 2008 566 2062 nubibus
578 2008 651 2061 irrita
664 2009 773 2062 donant.

156 2106 252 2177 Egressi
262 2107 385 2176 superant
393 2105 471 2160 fossas
481 2146 489 2171 ,
505 2106 642 2175 noElisque
651 2123 698 2174 per
707 2107 826 2159 umbram

63 2209 115 2266 315
126 2201 214 2256 Castra
225 2202 333 2254 inimica
345 2217 439 2270 petunt
452 2242 459 2267 ,
472 2201 563 2256 multis
575 2219 664 2255 tamen
673 2201 734 2255 ante
743 2199 825 2255 futuri

119 2300 221 2353 Exitio.
234 2297 326 2350 Passim
337 2297 405 2351 vino
414 2298 563 2368 somnoque
572 2316 620 2368 per
629 2301 736 2352 herbam

77 2427 79 2436 ν
121 2400 242 2464 Corpora
251 2395 306 2448 fusa
313 2394 407 2447 vident
417 2413 426 2454 ·,
442 2394 556 2448 arreslos
566 2394 657 2448 littore
667 2413 772 2460 currus,

118 2496 192 2546 Inter
202 2495 259 2545 lora
271 2491 393 2559 totasque
404 2490 479 2544 viros
491 2530 498 2551 ,
515 2490 589 2542 simul
601 2507 672 2544 arma
683 2489 787 2556 jacere,

119 2589 192 2641 Vina
202 2587 286 2640 simul.
299 2587 376 2639 Prior
387 2586 544 2656 Hyrtacides
556 2586 591 2638 fic
600 2603 647 2640 ore
656 2589 761 2639 locutus
772 2605 780 2640 ε

64 2699 116 2752 3²0
123 2687 236 2755 Euryale
249 2723 256 2748 ,
267 2685 414 2736 audendum
426 2683 517 2736 dextrd
530 2701 537 2736 τ
550 2700 619 2738 nunc
633 2683 688 2753 ipsa
698 2697 779 2737 vocat
788 2701 841 2738 res.

119 2782 176 2834 Hic
188 2781 238 2833 iter
249 2779 285 2833 est
295 2797 302 2832 τ
313 2793 343 2832 tu
354 2819 361 2844 ‚
373 2796 406 2834 ne
418 2797 469 2850 qua
480 2797 572 2834 manus
582 2781 609 2834 se
619 2781 742 2834 attollere
752 2781 830 2836 nobis

118 2881 142 2932 Δ
154 2893 229 2951 tergo
241 2875 338 2947 pollis,
354 2875 472 2942 custodi,
484 2877 511 2931 ἃ
522 2876 629 2933 consule
640 2875 731 2949 longi.

887 1867 919 1922 s
