2036 3480
322 207 574 286 Cvaarr.
749 225 828 304 2¹7

83 365 206 433 Quarum
216 379 275 419 vox
286 363 368 435 Ityn,
386 360 485 431 &Ityn
496 399 504 426 ,
521 357 594 430 quod
603 341 735 412 Bistonius
746 376 794 412 rex

87 461 177 517 Orbus
186 463 276 532 Epope
287 475 384 514 moeret
392 459 512 513 volucris
523 456 632 512 evedus
643 456 672 509 in
683 473 768 510 auras.

85 559 124 612 At
133 558 310 612 discordantes
322 559 438 612 Cadmeo
448 554 575 626 sangnine
583 555 676 608 fratres

88 654 147 712 Jarn
157 655 303 709 trucitlenta
313 654 401 708 ferunt
412 649 555 722 infestaque
566 653 678 706 vulnera
687 667 784 721 corpus

88 753 164 805 Alter
175 752 204 804 in
215 749 323 804 alterius
334 769 341 804 ι
352 747 458 819 iamque
471 745 622 802 adversatus
630 763 742 819 uterque
838 781 889 834 ,55

88 850 176 920 Impia
187 847 306 920 germani
317 861 406 901 manat
418 844 491 917 qudd
501 845 627 917 sanguine
642 847 744 900 dextra.

90 948 166 1000 Eheu
175 948 314 998 mutandus
324 961 468 1014 numquam
479 943 555 997 labor
570 947 576 997 l
589 944 695 997 auferor
706 947 774 996 ultra

91 1046 124 1098 In
135 1043 237 1097 diversa
248 1041 333 1113 tnagis
343 1060 351 1096 t
363 1039 483 1095 distantia
492 1042 601 1094 numina
610 1058 709 1096 cerno:

92 1140 208 1210 Elysiam
219 1142 360 1193 tranandus
370 1157 436 1210 agor
444 1141 545 1217 delatus
555 1139 588 1192 ad
596 1141 703 1194 undam.

94 1236 186 1292 Obvia
197 1236 363 1306 Persephone
375 1236 489 1291 comites
499 1237 630 1290 Hetotdas
640 1250 717 1308 urget
842 1239 895 1296 260

79 1336 224 1389 Adversas
236 1333 440 1404 perterrentes.
456 1331 566 1387 Alcestis
575 1332 607 1386 ab
619 1332 697 1386 omni

95 1433 229 1487 Inviolata
237 1445 314 1485 vacat
326 1447 405 1496 tuta,
418 1416 491 1501 qudd
499 1430 569 1484 saeva
580 1427 669 1484 mariti

95 1530 155 1599 Ipsa
168 1528 221 1582 suis
232 1527 292 1582 fatis
305 1527 412 1582 Admeti
425 1529 477 1582 lata
491 1543 594 1581 morata
604 1525 651 1582 est.

92 1627 165 1694 ,Ecce
175 1625 259 1677 Ithaci
270 1623 389 1691 conjunx
397 1625 501 1694 semper
512 1627 591 1680 decus
601 1623 722 1680 ltariotis

98 1722 253 1778 Femineum
263 1721 416 1792 incorrupta
425 1724 504 1776 decus
515 1737 620 1790 manet,
632 1725 760 1796 &procul
770 1725 897 1804 illam265
1007 1773 1009 1780 Α

99 1823 187 1876 Turba
196 1822 273 1876 ferox
282 1819 411 1886 iuvenum
422 1820 483 1874 telis
493 1821 601 1876 confixa
610 1840 764 1892 procorum.

99 1917 176 1986 Quin
185 1916 279 1970 misera
288 1915 419 1984 Eurydice
431 1924 507 1968 tanto
518 1935 636 1972 moerore
647 1917 748 1972 recefflt
760 1958 767 1984 ,

102 2015 238 2084 Poenaque
246 2009 398 2082 respfflm,
412 2013 438 2066 δι
449 2029 519 2066 nunc
534 2030 623 2068 manet
636 2016 760 2085 Orpheus
771 2015 801 2069 in
809 2030 846 2074 te.

102 2113 197 2166 Audax
205 2112 251 2165 ille
264 2110 371 2180 quidem
381 2133 394 2174 ‚·
403 2109 450 2180 qui
463 2109 556 2164 mitem
567 2113 701 2166 Cerberon
710 2130 836 2183 umquam

105 2207 241 2272 Credidit,
258 2222 302 2260 aut
310 2207 360 2260 ulli
371 2205 444 2260 Ditis
456 2207 583 2276 placabile
595 2225 708 2262 numen:

103 2305 257 2359 Nec'tirnuit
263 2305 454 2378 Phlegethonta
459 2307 591 2360 furentem
600 2307 749 2362 ardentibus
755 2309 849 2374 undis,

103 2405 163 2458 Nec
173 2401 266 2456 moesta
275 2404 387 2456 obtentu
397 2403 456 2456 diro
468 2401 636 2474 &lermgine
646 2421 741 2475 regna,
811 2449 817 2462 .

106 2498 279 2569 Detoffasque
291 2502 388 2555 domos
400 2539 409 2564 ,
424 2516 454 2552 ac
462 2500 572 2553 Tartara
581 2496 660 2553 nodie
671 2515 780 2558 cruenta

850 2249 905 2302 270

12 2651 15 2658 ,
110 2593 223 2660 Obsita,
239 2614 288 2652 nec
297 2597 382 2652 facilis
394 2596 467 2651 Ditis
479 2597 534 2650 fine
545 2594 631 2663 iudice
642 2595 715 2652 sedes
726 2636 734 2664 ‚

107 2689 221 2755 ludite,
237 2693 282 2760 qui
292 2693 358 2746 vite
369 2693 427 2763 post
439 2709 555 2748 mortem
566 2693 684 2748 vindicat
695 2693 761 2753 asta.

109 2789 163 2842 Sed
170 2787 277 2841 fortuna
286 2791 377 2850 valent
387 2793 510 2857 audacem
518 2791 616 2846 fecerat
626 2791 744 2864 Orphea.

110 2887 171 2944 lant
179 2883 264 2954 rapidi
276 2883 399 2941 steterant
408 2904 516 2956 amnes,
530 2889 640 2944 &turba
650 2889 765 2944 ferarum

181 2983 267 3060 Tentat
284 2982 330 3042 11.
540 3031 547 3040 .
682 2985 711 3039 K

858 2734 908 2790 275
