2036 3480
278 135 521 222 Linum
570 135 697 224 XII.
761 168 839 250 199

94 299 219 374 Jupiter,
232 303 259 358 δι
269 303 390 361 Turnum
400 304 428 358 dc
436 315 518 359 terras
528 300 615 357 invita
625 301 731 371 reliqui.

96 404 195 456 Nectu
208 419 251 456 me
263 400 333 456 aeria
344 401 429 454 solnm
439 415 509 454 nunc
521 399 581 454 sede
592 399 698 452 videres
844 400 897 452 810

99 500 206 572 Digna,
224 499 333 570 indigna
343 496 399 568 pati
410 517 416 550 z
427 498 473 553 sed
483 495 599 550 flammis
608 495 693 550 cincta
701 495 748 550 sub
759 494 842 564 ipsam

99 591 870 663 StaretnaciemtmheremqueinimioeinproeliaTeucros.

97 694 239 750 Iuturnam
250 691 348 746 misero
361 731 369 756 ,
380 692 466 746 fateor
478 727 486 754 ‚
498 689 646 744 succurrere
660 689 735 744 fratri
765 727 768 734 .

98 791 190 856 Suafi,
208 791 234 844 &
248 807 299 859 pro
311 788 369 843 vita
379 785 480 854 majora
490 787 584 840 audere
593 788 724 856 probavit

99 890 165 942 Non
173 901 203 940 ut
213 889 265 940 tela
274 901 380 949 tamen,
393 901 453 948 non,
458 895 488 937 ut
499 886 670 938 contenderet
680 901 778 939 arcum.
844 883 894 948 815

101 984 204 1051 Adiuro
214 981 302 1053 Stygii
311 995 389 1056 caput
398 979 563 1049 implacabile
572 980 670 1046 fontir,

58 1093 59 1096 ’
100 1084 163 1136 Una
174 1079 322 1150 superstitio
332 1077 710 1150 superisquaeredditaDivis.

99 1178 135 1231 Et
144 1193 215 1230 nune
225 1178 291 1232 cedo
303 1177 425 1246 equidem
435 1215 445 1241 ,
454 1175 606 1247 pugnasque
617 1175 698 1230 exosa
709 1172 841 1244 relinquo.

100 1275 170 1328 Illud
181 1289 207 1329 te
218 1313 226 1338 ‚
237 1274 310 1329 nulli
321 1276 368 1330 fati
379 1277 452 1345 quod
462 1277 521 1346 lege
530 1287 652 1337 tenetur,
727 1331 735 1344 ,

100 1371 153 1427 Pro
163 1371 242 1428 Latio
253 1373 369 1428 obtestor
380 1412 387 1438 ‚
404 1391 454 1442 pro
465 1372 596 1438 majestate
605 1385 727 1425 tuorum:
846 1373 899 1424 820

102 1470 171 1524 Cium
183 1468 236 1536 jam
248 1470 389 1523 connubiis
399 1486 492 1538 pacem
503 1469 623 1525 felicibus
634 1469 644 1536 (
656 1468 710 1522 esto
723 1471 735 1538 )

104 1567 278 1634 component
288 1583 297 1624 ·,
309 1565 369 1618 cium
378 1565 430 1632 jam
442 1569 514 1638 leges
525 1567 660 1620 &foedera
671 1543 781 1636 jungent
791 1583 800 1626 ε

102 1663 144 1717 Ne
154 1677 232 1716 vetus
242 1662 379 1733 indigenas
389 1680 489 1718 nomen
498 1677 599 1717 mutare
608 1661 737 1728 Latinos,

100 1762 162 1814 Neu
170 1761 255 1814 Trous
264 1759 324 1816 fieri
332 1760 620 1832 jubeas‚Teucrosque
628 1759 736 1826 vocati,

101 1859 157 1912 Aut
165 1873 263 1912 vocem
274 1874 376 1910 mutate
387 1858 464 1912 viros
475 1895 482 1921 ,
499 1875 544 1912 aur
553 1874 658 1914 vertere
666 1858 764 1919 vestet.
848 1861 898 1927 825

103 1955 144 2009 Sit
153 1954 277 2016 Latium,
293 1952 345 2004 finr
355 1952 450 2026 Albam
461 1969 509 2022 per
517 1954 604 2008 secula
612 1972 686 2026 reges
698 1974 707 2010 t

103 2053 144 2107 Sit
155 2053 278 2106 Romana
289 2063 386 2119 potens
398 2049 464 2102 Itali
474 2049 574 2104 virture
583 2069 704 2122 propago
715 2071 722 2106 ε

101 2145 231 2212 Occidit,
244 2147 424 2217 occideritque
433 2147 574 2202 sinarcum
585 2147 695 2204 nomine
707 2147 800 2215 Troia.

140 2246 199 2300 Olli
210 2246 347 2300 subridens
358 2246 499 2300 hominum
511 2263 651 2317 rerumque
660 2261 801 2316 repertor:

102 2346 135 2398 Et
148 2361 271 2416 germana
281 2345 380 2410 lovis,
396 2347 556 2416 Samrnique
566 2349 649 2400 altem
657 2346 766 2414 proles,
836 2347 905 2412 .83o
1015 2353 1016 2376 ³

102 2443 204 2496 Irarum
216 2442 710 2512 tantosvorvissuupeuorefluumr
1015 2421 1016 2428 ἵ

103 2539 207 2594 Verum
213 2557 276 2612 age,
288 2543 315 2596 δι
324 2542 473 2612 incoeptum
480 2539 571 2596 fnrstra
579 2540 705 2598 submitte
712 2540 848 2597 fututor:

103 2637 151 2689 Do
164 2638 285 2704 quodvis
296 2657 305 2699 ·,
318 2641 345 2692 δι’
354 2657 397 2694 me
407 2638 546 2708 vietusque
554 2637 702 2708 volensque
712 2636 834 2694 remitto.

104 2734 262 2787 Sermonem
274 2733 385 2790 Ausonii
395 2735 514 2804 patrium
523 2736 663 2805 moresque
673 2737 800 2790 tenebunt
811 2752 821 2796 3

103 2831 195 2901 thue
205 2827 260 2894 est,
273 2845 373 2884 nomen
382 2831 433 2884 etit
443 2849 450 2885 t
460 2831 602 2886 commixti
612 2849 726 2900 corpote
735 2829 811 2885 tanto
833 2875 836 2880 .
849 2836 898 2903 835

642 2929 703 2982 liv
