2020 3462
232 190 526 275 *brnen
576 185 669 274 IX.
796 193 851 302 79'
966 201 967 206 '

106 356 206 425 Qudne
218 355 315 411 tenetis
326 355 395 411 iter?
406 353 482 410 Nihil
491 353 532 408 illi
541 355 648 408 tendere
657 351 750 408 contri
762 371 770 415 ς

106 456 156 508 Sed
166 458 281 509 celerare
291 457 380 526 fugam
390 454 418 507 in
427 454 518 525 sylvas
528 491 536 517 ‚
549 453 577 506 dt
584 450 666 506 fidere
675 451 760 505 nosti.

107 551 250 618 objiciunt
258 551 360 622 equitet
370 551 425 605 sese
434 552 466 604 ad
475 549 591 604 divortia
600 563 666 603 nota

106 647 613 719 uineaequehincpmnenqueabitum
621 645 870 701 ntstodecoronanr.

105 747 192 818 Sylva
201 747 251 800 fuit
260 744 312 800 late
322 745 408 800 dumis
416 760 497 815 atque
506 743 567 798 ilice
577 743 652 815 nigra
855 743 903 807 381

106 844 240 907 Horrida,
252 861 331 914 quam
340 843 411 898 densi
420 842 586 912 complerant
594 841 711 912 undique
722 842 807 896 sentes
818 860 825 895 ε

106 940 177 996 Rata
187 957 235 1010 pet
246 941 366 995 octultot
378 939 488 994 ducebat
499 938 592 992 semita
603 941 691 993 calles.

144 1037 289 1107 Euryalum
297 1037 412 1090 tenebre
421 1049 556 1089 ramorum
569 1034 733 1106 onerosaque
742 1038 828 1106 preda

107 1133 279 1203 Impediunt,
295 1133 415 1203 fallitque
425 1129 510 1185 timot
520 1131 632 1204 regione
641 1133 756 1189 viarum.
856 1130 905 1196 385

107 1229 188 1284 Nisus
200 1229 254 1283 abit
265 1247 272 1284 t
285 1229 390 1300 jamque
404 1229 555 1299 imprudens
568 1229 686 1283 evaserat
697 1229 800 1295 hostes,
837 1221 840 1226 ’

106 1329 196 1398 Atque
207 1329 302 1392 locos,
318 1329 365 1398 qui
378 1325 436 1396 prist
445 1328 518 1380 Albae
528 1328 559 1380 de
569 1327 680 1380 nornine
689 1326 753 1380 uiui

108 1425 221 1479 Albani:
235 1441 293 1479 tum
301 1441 351 1478 tex
359 1425 456 1478 stabula
464 1427 516 1478 alta
523 1424 633 1478 Latinus
642 1425 762 1480 habebat.

108 1523 148 1575 Ut
159 1521 250 1587 stetit,
267 1525 294 1576 dt
303 1522 394 1577 frustra
404 1523 538 1577 absentem
547 1521 664 1592 respexit
673 1524 807 1577 anticum:
897 1559 902 1568 «

109 1619 223 1688 Euryale
237 1659 244 1683 ‚
260 1620 355 1673 infelix
366 1620 417 1690 qui
430 1634 457 1673 te
469 1619 579 1690 regione
592 1620 708 1690 reliqui?
857 1631 909 1684 300

110 1713 891 1786 QuivesequatiRursusperpiexumiterumnerevolvens

109 1813 219 1866 Fallacia
229 1815 327 1884 sylva,
339 1814 414 1867 simul
426 1815 452 1866 dt
462 1811 571 1885 vestigia
581 1829 653 1869 retro

110 1909 259 1964 Observata
269 1909 353 1981 legit,
369 1910 506 1980 dumisque
516 1911 650 1964 silentibus
660 1927 738 1966 errat.

109 2007 193 2060 Audit
204 2025 303 2077 equos,
317 2008 388 2062 audit
397 2008 519 2077 strepitus
532 2047 540 2073 ,
551 2009 578 2060 δι
587 2007 658 2078 signa
668 2009 833 2079 sequentum.

109 2106 285 2176 Neclongum
292 2106 320 2158 in
326 2107 415 2160 medio
422 2121 528 2174 ternpus
538 2145 545 2170 ‚
557 2105 616 2158 cium
624 2107 723 2158 clamor
731 2108 762 2158 ad
768 2123 843 2160 aures
859 2117 908 2171 395

109 2201 855 2274 Pervenit;acvidetEuryalum,quemjammanusomnis

110 2301 211 2354 Fraude
221 2301 275 2354 loci
285 2301 311 2354 δι
321 2301 427 2365 nobile,
443 2299 531 2355 subito
540 2302 660 2353 turbante
670 2301 801 2365 tumultu,

112 2397 274 2468 Oppreffum
285 2399 544 2468 rapit&conantem
554 2399 668 2468 plurima
676 2397 777 2451 frustra.
831 2417 834 2426 ¹

111 2494 287 2562 Quidfaciat?
297 2495 348 2564 qui
357 2495 387 2548 vi
396 2493 523 2562 juvenem
534 2535 541 2558 ‚
553 2496 647 2565 quibus
656 2495 748 2548 audeat
757 2495 837 2550 armis

110 2592 221 2660 Eripere
234 2594 244 2645 ἓ
256 2609 288 2644 an
297 2592 353 2670 sese
362 2592 465 2646 medios
478 2592 623 2646 moriturus
634 2591 662 2645 in
673 2589 759 2645 hostes
849 2579 914 2653 '400

2 2747 5 2752 ,
109 2689 227 2753 Inferet,
239 2691 265 2742 δι
276 2691 410 2760 pulchram
420 2705 546 2761 properet
554 2707 602 2760 per
610 2691 721 2743 vulnera
730 2705 855 2746 mortem.

111 2785 197 2841 Ocids
210 2787 321 2841 addusio
333 2803 459 2859 torquens
471 2789 561 2842 hastile
570 2791 686 2853 lacerto,

111 2883 262 2954 Suspiciens
273 2887 350 2939 altam
360 2886 477 2948 Lunam,
489 2885 524 2940 fic
532 2902 602 2938 voce
611 2899 746 2954 precatur:

672 2983 698 3033 l)
720 2981 750 3034 iv
