2036 3476
283 231 534 316 Lince
574 229 663 314 XI.
758 259 834 340 ¹49

92 391 187 447 Gloria
199 395 313 450 deleclos
326 397 403 450 Latio
417 399 443 450 &
455 395 627 450 Laurentibus
639 397 718 466 agris.

90 481 131 542 u‘st
142 492 339 546 &Volscorum
349 494 453 564 egregia
463 497 495 547 de
505 509 582 564 gente
596 494 707 546 Camilla
717 531 726 558 ,

90 589 194 658 Agmen
203 606 282 660 agens
293 591 413 660 equitum
424 593 451 644 &
459 592 586 645 florentes
596 609 646 645 aere
659 607 788 646 catervas.

91 683 201 751 Quodsi
213 703 256 740 me
268 687 354 740 solum
366 688 463 741 Teucri
472 688 501 739 in
511 689 654 742 certamina
665 688 795 757 poscunt,

89 783 170 851 quue
180 787 280 852 placet,
290 785 445 854 tantumque
457 785 535 838 bonis
548 785 733 840 communibus
744 785 828 846 obsto;
836 779 886 831 435

90 881 153 947 Non
165 883 231 934 adeo
242 883 289 936 has
301 882 383 936 exosa
394 899 487 936 manus
500 881 614 936 villoria
627 883 712 953 fugit,
809 935 810 940 ,

89 978 128 1050 lle
138 955 208 1030 tanta
218 977 360 1048 quicquam
369 995 420 1048 pro
429 978 475 1048 spe
484 994 584 1035 tentare
596 981 722 1034 recusem.

89 1076 137 1128 Ibo
149 1076 244 1142 animis
257 1075 350 1133 contra
360 1095 367 1129 ι
378 1078 423 1130 vel
435 1093 560 1146 magnum
570 1075 671 1144 praestet
681 1078 811 1130 Achillem
823 1118 838 1144 ,,

89 1172 217 1242 Fallaque
225 1174 340 1240 Vulcani
350 1175 469 1228 manibus
480 1173 551 1243 paria
562 1173 651 1242 induat
661 1191 732 1228 arma

88 1271 136 1322 llle
147 1269 219 1340 licet.
229 1271 317 1328 Vobis
327 1271 442 1326 animam
454 1274 536 1336 hanc,
546 1273 691 1341 soceroque
697 1271 793 1325 Latino
803 1309 811 1334 ,
833 1270 887 1318 440

88 1369 192 1422 Turnus
204 1385 271 1440 ego,
281 1370 351 1424 haud
362 1369 410 1422 ulli
421 1385 544 1422 veterum
553 1369 654 1424 virtute
665 1369 811 1436 secundus,

88 1467 209 1534 Devovi.
220 1468 314 1522 Solum
325 1468 422 1524 AEneas
434 1483 533 1523 vocat:
548 1468 574 1520 &
585 1480 666 1521 vocet
677 1507 685 1531 ‚
698 1485 757 1524 oro.

87 1565 143 1615 Nec
154 1564 273 1616 Drances
283 1564 373 1632 potiris
384 1604 392 1629 ,
409 1566 463 1618 five
473 1564 509 1618 est
520 1565 577 1618 haec
588 1566 626 1620 ita
635 1566 774 1630 Deorum,
866 1623 867 1628 ,

87 1661 178 1712 Morte
189 1661 263 1722 luat3
279 1661 333 1714 five
347 1661 384 1715 est
398 1663 484 1716 virtus
497 1664 524 1716 ἃ
536 1664 638 1738 gloria,
651 1666 737 1722 tollat.

122 1756 166 1824 illi
175 1756 231 1810 haec
241 1755 312 1811 inter
321 1759 348 1812 se
357 1759 443 1826 dubiis
453 1761 485 1814 de
495 1762 572 1816 rebus
581 1764 692 1833 agebant
783 1819 785 1824 ,
830 1769 881 1822 445

87 1855 223 1908 Certantes
237 1873 244 1907 :
256 1854 336 1908 castra
347 1855 445 1910 AEneas
457 1857 594 1928 aciemque
605 1860 740 1916 movebat.
761 1844 766 1854 ¹

85 1950 201 2016 Nuntius
213 1950 316 2021 ingenti
327 1969 375 2020 per
386 1953 458 2022 regia
466 1955 535 2006 tecla
545 1957 660 2008 tumultu

86 2048 151 2102 Ecce
163 2049 216 2102 ruit
226 2088 234 2116 ,
246 2047 400 2118 magnisque
412 2050 504 2101 urbem
516 2050 660 2103 tertoribus
670 2049 782 2119 implet,

85 2145 226 2214 lnsttufiloe
235 2144 292 2199 acie
301 2143 441 2217 Tyberino
451 2162 465 2198 a
477 2145 587 2200 flumine
597 2147 715 2200 Teucros
726 2187 733 2213 ‚

84 2243 304 2313 Tyrrhenamque
314 2258 422 2296 manum
432 2242 497 2296 totis
507 2243 662 2300 descendere
672 2245 780 2314 campis.
828 2257 883 2309 450

82 2340 226 2410 Extemplo
238 2339 335 2394 turbati
347 2339 429 2394 animi
441 2380 449 2404 ‚
462 2339 634 2410 concuffaque
647 2341 722 2411 vulgi

83 2435 193 2518 Peclom
205 2477 213 2502 ,
230 2437 257 2490 δι
268 2438 374 2496 arcella
382 2438 494 2492 stimulis
504 2441 573 2492 haud
583 2439 708 2492 mollibus
719 2440 774 2497 irae.

81 2536 163 2588 Annia
172 2553 253 2604 manu
261 2536 357 2606 trepidi
367 2537 480 2606 poscunt
490 2577 497 2603 ‚
508 2537 598 2590 fremit
609 2553 680 2590 arma
690 2536 825 2605 juvemus,

80 2633 159 2684 Flent
168 2631 427 2704 moestimuss'antque
436 2649 539 2704 patres:
548 2635 591 2689 hic
600 2635 716 2705 undique
725 2639 826 2693 clamor

79 2725 291 2782 Diffensuvario
301 2747 412 2800 magnus
421 2732 448 2786 se
458 2733 530 2786 tollit
543 2732 572 2786 in
585 2749 673 2788 auras:
825 2745 877 2798 455

79 2825 160 2877 Haud
171 2824 245 2878 secus
256 2839 334 2894 atque
345 2829 400 2881 alto
413 2828 442 2882 in
452 2829 515 2882 luco
528 2845 588 2882 cum
600 2829 669 2892 forti
681 2847 796 2895 caterva

79 2921 231 3006 Consedere
241 2921 332 3006 avium
342 2962 350 2992 ,
362 2923 503 2996 piscosove
513 2941 590 2983 amne
599 2927 704 2982 Padurn
721 2988 723 2996 ¹

603 3022 629 3079 u
649 3023 678 3091 iii
