2036 3480
289 187 610 300 cvtix.*
727 218 802 274 tu

60 347 159 407 Libera
170 347 330 420 simplicibus
341 349 411 404 curis
424 370 431 405 ι
443 351 495 405 huc
506 349 644 417 imminet,
657 352 746 408 omuis

62 447 168 518 Dirigit
178 449 230 502 huc
239 449 329 502 seusus
340 467 348 502 a
358 449 414 502 haec
424 465 485 504 cura
494 448 531 502 est
542 449 643 502 subdita
652 450 737 506 cordi.
811 465 849 519 90

64 545 197 612 Quolibet
207 559 237 598 ut
247 546 339 616 requie
351 545 426 601 viiiu
437 559 578 600 contentus
591 548 720 613 abundet,
849 541 850 544 ¹

62 641 241 712 lucundoque
248 644 325 696 locet
336 643 488 714 languentia
500 659 612 712 corpota
623 644 730 700 somno.

63 739 94 793 0
106 742 236 809 pecudes,
248 740 267 794 ὂ
279 741 382 806 Panes,
399 741 426 794 δι
437 740 455 794 ὂ
468 739 608 810 gratiffima
618 741 721 810 Tempe

63 836 162 890 Fontis
173 837 408 908 Hamadryadum,
421 854 532 906 quarum
543 854 600 890 non
610 837 696 892 divite
704 840 777 892 cultu

64 935 191 988 AEmulus
199 935 306 988 Ascraeo
315 933 403 1004 pastor
411 934 458 986 fibi
468 933 579 1003 quisque
588 933 676 1003 poit'tae
815 946 849 1005 '95

65 1033 194 1085 Securum
203 1031 308 1101 placido
318 1030 547 1100 traducit'pedlore
555 1031 650 1086 vitam.

64 1127 177 1182 Talibus
189 1127 218 1180 in
229 1127 320 1182 studiis
330 1129 425 1182 baculo
440 1129 503 1180 dum
515 1128 595 1182 nixus
605 1128 705 1197 apricas
726 1187 727 1190 ,

63 1225 160 1280 Pastor
169 1225 223 1298 agit
231 1242 306 1278 curas
317 1264 325 1290 ‚
337 1226 363 1278 δι
375 1227 437 1278 dum
450 1241 506 1277 non
518 1237 574 1278 arte
586 1241 682 1278 canora

69 1321 220 1391 Compatld
228 1323 337 1376 solitum
345 1325 496 1376 modulatur
506 1322 633 1376 atundine
642 1337 762 1378 carmen:

70 1419 172 1473 Tendit
179 1419 321 1474 aneveuus
334 1421 421 1474 radios
432 1414 599 1490 Hyperionis
609 1421 703 1485 ardor,
822 1434 875 1473 tou

68 1515 222 1584 Lucidaque
235 1518 345 1570 aetherio
357 1517 436 1586 ponit
448 1516 599 1570 discrimina
610 1518 729 1580 mundo,

72 1611 135 1678 Qui
149 1611 212 1677 jacit
223 1614 362 1667 Oceanum
370 1615 490 1670 flammas
502 1615 531 1667 in
542 1629 683 1683 utrumque
695 1629 811 1684 rapaces.

72 1707 170 1774 Etiam
182 1714 361 1781 compellente
370 1731 445 1784 vaga
457 1712 559 1782 pastore
569 1713 675 1782 capella

69 1806 129 1856 lma
138 1805 295 1862 susurrantis
310 1812 464 1878 repetebant
475 1813 507 1864 ad
515 1813 583 1864 vada
592 1809 729 1880 lympha,

75 1903 142 1968 Quat
154 1903 242 1956 subter
250 1903 366 1956 viridem
378 1905 522 1958 refluebant
533 1909 633 1958 coentla
644 1907 773 1964 muscum.
826 1922 874 1976 105

73 1999 129 2054 Jatn
137 1999 238 2055 medias
248 1997 361 2068 operum
371 1997 455 2066 partis
465 1998 573 2054 evetius
583 2017 638 2054 erat
648 2003 713 2069 Sol,

77 2095 146 2148 Ciam
157 2097 249 2150 densas
258 2095 346 2165 pastor
354 2096 468 2165 pecudes
479 2097 590 2166 cogebat
601 2096 631 2148 in
642 2099 762 2153 umbras:

75 2193 217 2261 Utptocul
226 2193 330 2262 aspexit
340 2195 402 2247 luco
412 2193 523 2246 residere
533 2192 649 2258 vitenti,

75 2289 156 2342 Delia
167 2289 240 2343 Diva
253 2329 261 2355 ‚
276 2304 343 2344 tuo:
356 2307 411 2360 quo
423 2291 557 2360 quondam
568 2289 641 2344 vidia
652 2291 743 2346 fitrste
854 2339 855 2342 ,

75 2385 161 2439 Venit
172 2385 326 2457 Nytlileum
338 2387 443 2458 fugiens
454 2386 583 2466 cadmaeis
594 2389 689 2458 Agave
827 2408 881 2447 ιω

76 2481 197 2535 infandas
209 2483 334 2538 scelerata
343 2500 437 2537 manus
448 2501 462 2536 e
472 2485 542 2537 caede
551 2497 678 2541 :mentae

78 2578 147 2644 Quae
160 2579 253 2646 gelidis
261 2583 384 2636 bacchata
395 2581 464 2654 jugis
478 2581 614 2652 requievit
622 2581 651 2636 in
661 2593 755 2649 antro,

78 2673 210 2728 Posterius
222 2693 329 2743 poenam
339 2681 413 2750 gnati
421 2683 448 2736 se
460 2695 547 2736 morte
557 2683 681 2738 futuram.

78 2771 132 2824 Hic
141 2769 221 2830 etiam
229 2771 310 2826 viridi
322 2777 441 2832 ludentes
451 2777 535 2832 Panes
546 2778 578 2832 iu
586 2778 683 2842 herba,

79 2867 113 2920 Et
122 2866 212 2938 Satyri
220 2867 392 2940 Dryadesque
403 2873 500 2928 choros
510 2873 587 2946 egdtt
600 2876 716 2944 puellae‚'
828 2894 877 2950 115
