2036 3480
202 146 327 224 216x
395 139 746 223 thozntt

197 303 307 357 Premit
316 303 376 358 sunt
385 303 492 374 pietatis
501 301 685 373 ubilpietatis
695 305 814 374 honores
849 329 851 334 ·

141 401 227 468 225ln
236 417 319 454 vanas
331 401 418 456 abiere
428 402 502 456 vices
514 441 522 465 ,
535 402 561 454 &
570 419 630 454 tute
642 402 743 456 receffit

194 499 210 552 J
212 498 305 552 ustitia
314 499 388 568 ptiot
398 499 443 552 illa
452 497 517 553 sides
529 518 536 552 ε
549 498 670 552 instantia
679 498 738 554 vidi

194 597 311 650 Alterius
323 596 376 657 fine
386 595 523 664 respectu,
536 612 595 648 mea
606 595 658 648 fate
670 595 837 666 relinquens,

194 694 235 744 Ad
246 693 337 762 parilis
349 711 414 764 agor
423 707 536 746 eventus
548 712 555 746 ε
565 691 596 745 sit
606 709 686 763 poeno
697 696 829 759 metenti,
933 761 935 764 Ι

194 787 277 842 Poena
286 788 317 842 fit
326 791 440 844 exitium
451 810 457 845 ε
470 792 553 845 modo
562 790 594 842 fit
603 793 665 844 dum
675 805 747 862 grata
756 792 883 844 voluntas
895 831 903 856 ,

139 886 301 962 230Exsillet
310 905 357 957 par
366 889 484 942 officium
494 909 500 942 ι
511 889 583 942 seror
594 889 655 942 avia
668 905 796 958 carpens,

191 983 263 1036 Avia
273 985 433 1038 Cimmerios
443 985 513 1038 inter
522 983 641 1038 distentia
648 987 734 1038 lucos.

191 1081 281 1147 Quem
291 1083 360 1136 circa
368 1082 453 1136 tristes
462 1083 602 1135 densentur
611 1083 640 1135 in
650 1082 741 1136 omnia
750 1099 850 1152 poene.

190 1176 260 1230 Nam
270 1178 376 1232 vindius
387 1179 457 1232 sedet
467 1179 590 1232 immanis
603 1179 768 1250 serpentibus
780 1180 891 1246 Othos,

190 1273 337 1334 Detu'dlum
349 1275 456 1335 moestos
468 1278 562 1344 procul
574 1276 703 1346 aspiciens
714 1277 873 1346 Ephialten:

135 1395 168 1448 23
176 1371 288 1450 5Connti
297 1363 435 1441 'quondam
445 1373 505 1426 clun
515 1373 565 1425 sint
577 1373 716 1426 incendere
726 1376 872 1428 mundum:

190 1471 222 1520 Et
231 1470 330 1540 Tytios
342 1471 443 1524 Latona
453 1485 504 1522 tuae
515 1485 619 1522 memor
628 1470 723 1522 anxius
735 1469 782 1522 irae

131 1625 138 1645 ‚v
188 1567 384 1636 (lmplacabilis
394 1569 523 1622 inanimis
534 1571 544 1638 )
555 1565 623 1632 jacet
633 1567 703 1622 alitis
716 1567 783 1624 esca.

187 1665 302 1724 Terreor
315 1682 330 1716 a
341 1665 421 1718 tantis
435 1664 569 1728 insistere,
586 1661 688 1717 terreor
697 1665 797 1718 umbris

186 1761 228 1824 Ad
239 1761 345 1832 Stygias
357 1775 498 1814 revocatus
510 1778 590 1830 aquas
601 1781 608 1816 ε
621 1762 672 1814 vix
683 1763 792 1816 ultimus
805 1760 879 1816 amni

132 1857 291 1930 240Restat‚
308 1857 440 1912 neslareas
453 1859 556 1912 Divitm
569 1860 616 1930 qui
627 1860 744 1929 prodidit
755 1859 844 1924 escas,

187 1956 310 2008 Gutturis
320 1955 404 2008 arenti
414 1958 552 2010 revolutus
563 1955 592 2008 in
601 1956 692 2008 omnia
702 1956 787 2009 sensu.

186 2053 277 2119 Quid,
291 2053 384 2108 saxum
393 2055 486 2122 procul
497 2053 608 2106 adverso
619 2052 665 2121 qui
674 2066 767 2104 monte
776 2049 918 2117 revolvit,

186 2150 376 2220 Contempsisse
387 2153 466 2204 dolor
477 2167 557 2220 quem
568 2151 676 2203 numina
687 2149 773 2202 vincit
783 2149 892 2202 acerbus
903 2186 913 2214 ,

184 2248 251 2301 Otia
263 2263 425 2318 mtaetentem
433 2247 543 2300 frustra?
556 2249 616 2300 Vos
626 2247 662 2303 ite
672 2249 781 2318 puelle,

130 2345 243 2421 245lte‚
259 2344 353 2413 quibus
364 2346 444 2398 tedas
456 2344 574 2398 accendit
585 2342 665 2396 ttislis
677 2343 812 2413 Erinnys,

184 2441 257 2494 Sicut
269 2442 379 2512 Hymen
389 2443 497 2510 ptaesata
506 2440 576 2495 dedit
585 2440 717 2494 connubia
728 2437 842 2504 mortis,

183 2537 272 2607 Atque
281 2537 344 2592 alias
354 2539 408 2592 alio
417 2538 507 2592 densat
517 2537 593 2606 supet
602 2537 707 2608 agmine
716 2550 815 2588 turmas
827 2553 836 2587 t

182 2633 322 2701 impietate
333 2633 386 2688 seri
396 2634 539 2686 vecordem
550 2633 677 2686 Colchida
687 2648 799 2686 matrem

182 2732 271 2784 Anxia
280 2730 401 2783 sollicitis
410 2729 580 2782 meditantem
590 2731 701 2783 vulnera
710 2728 779 2782 natis
789 2747 798 2781 ε

127 2830 241 2906 25olam
250 2827 408 2900 Pandionias
417 2827 561 2884 misemodd
573 2829 650 2914 ptole
660 2829 781 2903 puellas,

807 2922 931 2988 Quarum
