2020 3462
106 135 851 216 uma-„moveam

152 329 863 418 ARGUMENTUM·

246 519 463 592 LIBRI
510 517 715 592 ΝΟΝῙ.

104 631 278 763 AENEA
300 684 517 776 conquirendis
529 685 665 753 auxiliis
682 684 772 774 opud
783 681 851 752 Ar·

104 785 205 852 codas
226 807 264 850 oc
290 781 406 872 Tuscos
428 803 610 870 occuparo,
634 781 761 850 Turnus
787 783 850 849 ud·

105 903 254 948 monetur
270 905 291 947 u
312 879 440 949 lunone
453 903 513 968 per
526 875 664 973 Itidem,
685 899 720 946 ut
741 879 776 946 in
798 901 851 946 ca·

102 975 230 1074 firenfiu
251 999 342 1046 novoe
363 975 464 1064 Troju
484 977 680 1042 munimenta
699 976 851 1065 impetum

97 1073 223 1163 furciae.
249 1073 426 1162 Trojonis‚
451 1097 492 1140 ex
513 1073 624 1142 AEneu
644 1073 849 1163 prescripto,

104 1193 174 1238 non
205 1172 430 1266 egredientibus
458 1171 504 1238 ad
527 1193 697 1264 pugnam,
722 1169 849 1238 Turnus

104 1291 212 1335 eorum
223 1292 338 1350 naves,
355 1267 464 1358 oppidi
475 1268 564 1334 luteri
574 1269 722 1334 admotas
732 1317 743 1352 ‚
750 1287 849 1354 paror

106 1365 293 1434 incendere:
304 1363 467 1454 sedulle,
488 1359 559 1430 culm
580 1389 621 1430 ex
640 1365 730 1430 Idoee
742 1363 848 1453 syloe

106 1455 242 1528 materia
264 1460 438 1548 fiebrieatu·
460 1461 536 1526 olim
558 1455 722 1557 fuiffent,
757 1459 849 1554 Idan

107 1557 221 1624 matris
253 1557 398 1644 beneficio
432 1576 598 1626 mutantur
634 1557 776 1624 marinas
811 1556 848 1623 in

106 1655 301 1744 Nymphas:
315 1675 381 1720 tum
398 1703 417 1735 ,.
432 1650 515 1720 noc‘le
535 1653 716 1724 imminente
731 1705 742 1736 ‚
766 1652 849 1720 eirca

105 1751 257 1839 oppidum
290 1750 428 1838 ,excubia
460 1749 682 1840 disponuntur.
716 1750 848 1824 interim

109 1845 248 1932 Trojani
261 1895 272 1928 ‚
290 1847 327 1912 de
341 1849 515 1914 revocando
521 1873 580 1937 per
591 1849 724 1916 nuntios
737 1847 847 1915 AEnen

17 2023 18 2028 γ
98 1942 266 2034 solliciti,
285 1945 360 2010 dum
378 1943 504 2034 interse
519 1943 726 2034 consedeant,
746 1941 847 2031 Nisus

109 2035 143 2109 ἂ
157 2041 323 2130 Euryalus
338 2053 421 2129 ,par
430 2041 534 2106 nobile
544 2040 714 2106 amicorum
729 2087 740 2118 ‚
761 2041 846 2108 ultro

95 2135 281 2228 suscipiunt
298 2137 381 2204 leone
398 2134 601 2224 provinciam
623 2157 635 2201 :
660 2135 785 2200 modali
804 2137 847 2203 ab

104 2233 251 2323 Ascanio
277 2283 288 2308 ,
319 2229 490 2325 dimiffique
516 2235 625 2300 eudem
653 2231 848 2322 Rutulorum

106 2327 198 2396 modu
218 2353 369 2424 magnam
379 2327 512 2418 fuciunt
531 2353 543 2396 e
560 2351 719 2418 eorumque
729 2329 847 2418 spoliis

105 2425 214 2493 induri
224 2428 300 2493 dum
306 2445 442 2518 pergunt
449 2450 568 2516 porro,
587 2449 608 2491 a
621 2425 747 2492 Latinis
760 2430 846 2517 equi-

104 2523 190 2590 tibus
202 2523 301 2592 obviis
316 2523 499 2590 occiduntur
515 2546 528 2589 .·
544 2521 650 2612 capita
663 2521 758 2617 bostis
769 2523 843 2618 offi-

104 2643 178 2699 xa,
202 2619 279 2686 &in
290 2616 393 2716 rostris
404 2618 520 2702 erecla,
543 2616 756 2710 agnoscuntur
767 2645 848 2708 pro-

104 2719 160 2782 cul
178 2741 200 2782 a
219 2714 406 2802 Trojunis,
441 2716 645 2805 &ingentem
669 2715 704 2780 in
727 2716 846 2804 oppido
885 2735 887 2739 ·

105 2809 222 2881 lullum
242 2811 413 2894 excitant,
436 2809 605 2902 proferrim
632 2811 742 2882 matris
770 2813 846 2884 Eu·
