2036 3480
191 227 269 302 242
390 203 728 288 Vineam

187 363 312 434 Undique
323 368 475 436 mutabant,
492 382 571 436 atque
582 363 699 436 undique
711 366 898 426 mutabantur.
938 379 943 386 '

130 462 181 515 495
192 461 257 514 Oris
269 463 358 516 honos
369 463 503 533 primum,
517 465 544 517 bu
555 463 646 518 multis
656 477 748 532 optata
758 464 871 530 labella,

156 605 160 614 .
183 546 218 612 ⁸Et
228 563 323 629 patulae
334 562 430 634 frontis
440 561 541 630 species
551 561 720 622 concrescere
730 561 759 614 in
767 577 853 616 unum

187 657 320 726 Coepim,
337 661 364 712 δι
376 659 467 730 gracili
478 675 598 714 mentum
608 661 756 730 producere
765 658 862 716 rostro.

185 755 271 818 Tum,
282 754 369 824 quise
380 758 497 812 medium
507 758 601 828 capitis
609 757 750 820 discrimen
759 757 872 828 agebat,

186 849 251 902 Ecce
264 851 373 920 repenti
383 893 390 920 ‚
400 857 477 910 velut
485 856 587 926 patrios
601 855 720 910 imitatus
730 856 848 912 honores
861 892 872 921 ‚

132 955 185 1007 500
192 945 352 1015 Purpuream
362 951 489 1004 contullit
498 968 568 1021 apex
578 951 717 1006 invertite
729 949 844 1007 uillam.

185 1045 222 1098 At
234 1047 324 1102 mollis
335 1047 427 1102 varios
440 1048 564 1102 intexens
574 1051 666 1118 pluma
675 1051 799 1114 colores,

134 1127 159 1220 ’θ’
187 1143 369 1197 Marmoreum
379 1146 485 1200 volucri
497 1146 606 1200 vestivit
615 1145 733 1217 tegmine
743 1163 860 1218 corpus,

186 1241 323 1312 Lentaque
332 1257 473 1312 perpetuas
483 1244 608 1298 fuderunt
616 1243 721 1298 brachia
730 1259 850 1312 pennae:

186 1339 251 1392 Inde
262 1339 326 1394 alias
336 1341 437 1409 partis,
453 1339 592 1412 minioque
602 1339 699 1394 infesta
709 1339 814 1394 rubenti

136 1447 148 1498 5
153 1445 184 1498 05
196 1439 278 1493 Crura
289 1453 369 1491 novae
381 1436 478 1492 macies
492 1435 604 1490 obduxit
613 1437 732 1506 squalida
743 1435 822 1507 pollis
834 1473 844 1504 ,

187 1533 220 1586 Et
232 1533 341 1603 pedibus
351 1533 450 1588 teneris
461 1551 563 1604 ungues
575 1532 690 1590 confixit
698 1549 800 1589 acutos.

175 1633 220 1692 ¹Et
232 1611 322 1684 tamen
332 1632 384 1684 hoc
394 1632 501 1686 demum
512 1630 615 1690 miserae
625 1631 774 1686 succurrere
783 1629 862 1701 pallo

188 1728 247 1781 Vix
257 1728 341 1781 fuerat
350 1727 452 1796 placidi
464 1727 584 1804 Neptuni
594 1727 707 1800 conjuge
716 1729 836 1800 dignum.

188 1828 341 1895 Numquam
353 1825 425 1878 illam
436 1823 543 1894 posthae
551 1826 624 1880 oculi
633 1823 727 1880 vidbre
734 1826 844 1880 suorum

136 1937 186 1989 510
194 1925 340 1994 Purpureas
351 1923 425 1977 flavo
436 1922 598 1978 retinentem
606 1922 708 1978 vertice
717 1924 818 1978 vittas:

189 2025 253 2076 Non
262 2023 392 2076 thalamus
402 2022 491 2094 Tyrio
502 2023 606 2094 fragant
616 2022 717 2091 accepit
725 2007 854 2087 amomo,

140 2181 144 2186 ,
176 2123 275 2189 ,Nullae
285 2121 358 2177 illam
368 2121 460 2188 sedent
477 2119 541 2190 quid
550 2119 799 2190 enimjamsedibus
806 2119 865 2174 illi?

190 2220 257 2285 Quae
270 2199 346 2272 simul
357 2235 387 2271 ut
402 2219 456 2274 sese
468 2233 535 2272 cano
548 2218 581 2270 de
592 2215 695 2288 gurgite
706 2217 791 2270 velox

192 2319 259 2369 Cum
271 2315 360 2368 sonitu
370 2316 402 2374 ad
412 2293 520 2374 Caelum
531 2311 697 2366 stridentibus
709 2311 808 2366 extulit
817 2311 868 2364 alis
881 2350 892 2377 ,

137 2430 184 2483 515
195 2415 228 2466 Et
239 2414 352 2466 multum
364 2394 417 2465 litt'e
430 2399 548 2480 dispersit
560 2408 589 2465 in
601 2426 707 2480 aequore
719 2425 827 2470 rorem
1000 2415 1001 2473 l

190 2511 288 2566 Infelix
299 2491 380 2582 virgo
390 2509 567 2579 nequicquam
579 2521 665 2562 morte
675 2505 782 2578 recepti

189 2611 322 2665 Incultum
331 2608 396 2661 solis
406 2609 435 2660 in
446 2607 554 2675 rupibus
567 2605 652 2676 exigit
663 2623 751 2659 aevutn
763 2643 772 2669 ‚
999 2593 1000 2661 l

189 2706 325 2784 Rupibus,
338 2707 364 2760 δι
373 2705 509 2776 scopulis,
523 2703 696 2758 &littoribus
707 2701 827 2757 defertis.
998 2697 999 2706 ’

189 2802 501 2864 Nectamenhociterum
507 2797 886 2872 poenafineznamqueneum
893 2801 966 2870 Rex,
997 2709 999 2858 Ι

137 2901 294 2973 5200mnia
303 2901 350 2974 qui
359 2899 473 2970 imperio
485 2915 613 2956 terrarum
622 2897 708 2954 millia
716 2897 821 2961 versat,
