<?xml version="1.0" encoding="UTF-8"?>
<!DOCTYPE html PUBLIC "-//W3C//DTD XHTML 1.0 Transitional//EN"
    "http://www.w3.org/TR/xhtml1/DTD/xhtml1-transitional.dtd">
<html xmlns="http://www.w3.org/1999/xhtml" xml:lang="en" lang="en">
 <head>
  <title>
</title>
<meta http-equiv="Content-Type" content="text/html;charset=utf-8" />
  <meta name='ocr-system' content='tesseract 3.04.00' />
  <meta name='ocr-capabilities' content='ocr_page ocr_carea ocr_par ocr_line ocrx_word'/>
</head>
<body>
  <div class='ocr_page' id='page_1' title='image "./publiivirgiliim01cappgoog_0111.png"; bbox 0 0 2036 3476; ppageno 0'>
   <div class='ocr_carea' id='block_1_1' title="bbox 168 148 738 264">
    <p class='ocr_par' dir='ltr' id='par_1_1' title="bbox 168 148 738 264">
     <span class='ocr_line' id='line_1_1' title="bbox 168 148 738 264; baseline -0.005 -30"><span class='ocrx_word' id='word_1_1' title='bbox 168 157 221 264; x_wconf 88' lang='lat'>98</span> <span class='ocrx_word' id='word_1_2' title='bbox 370 148 738 233; x_wconf 72' lang='lat' dir='ltr'>AEmarvoe·</span> 
     </span>
    </p>
   </div>
   <div class='ocr_carea' id='block_1_2' title="bbox 164 309 920 582">
    <p class='ocr_par' dir='ltr' id='par_1_2' title="bbox 164 309 920 582">
     <span class='ocr_line' id='line_1_2' title="bbox 167 309 845 368; baseline 0.003 -4"><span class='ocrx_word' id='word_1_3' title='bbox 167 310 313 368; x_wconf 82' lang='lat' dir='ltr'>Obfidione</span> <span class='ocrx_word' id='word_1_4' title='bbox 323 313 390 368; x_wconf 84' lang='lat' dir='ltr'>fines</span> <span class='ocrx_word' id='word_1_5' title='bbox 401 315 411 368; x_wconf 73' lang='grc' dir='ltr'><strong><em>ἓ</em></strong></span> <span class='ocrx_word' id='word_1_6' title='bbox 424 313 507 368; x_wconf 87' lang='lat' dir='ltr'>muris</span> <span class='ocrx_word' id='word_1_7' title='bbox 520 314 617 367; x_wconf 89' lang='lat' dir='ltr'>iterum</span> <span class='ocrx_word' id='word_1_8' title='bbox 629 312 752 366; x_wconf 85' lang='lat' dir='ltr'>imminet</span> <span class='ocrx_word' id='word_1_9' title='bbox 761 309 845 366; x_wconf 75' lang='lat' dir='ltr'>hostia</span> 
     </span>
     <span class='ocr_line' id='line_1_3' title="bbox 165 401 920 478; baseline 0.004 -16"><span class='ocrx_word' id='word_1_10' title='bbox 165 409 303 464; x_wconf 87' lang='lat' dir='ltr'>Nascentis</span> <span class='ocrx_word' id='word_1_11' title='bbox 314 410 480 478; x_wconf 80' lang='lat' dir='ltr'>Trojae‚nec</span> <span class='ocrx_word' id='word_1_12' title='bbox 489 427 546 463; x_wconf 88' lang='lat' dir='ltr'>non</span> <span class='ocrx_word' id='word_1_13' title='bbox 557 401 691 464; x_wconf 80' lang='lat' dir='ltr'>exer&#39;citus</span> <span class='ocrx_word' id='word_1_14' title='bbox 703 413 785 464; x_wconf 85' lang='lat' dir='ltr'>alter:</span> <span class='ocrx_word' id='word_1_15' title='bbox 866 461 874 475; x_wconf 86' lang='grc'>,</span> <span class='ocrx_word' id='word_1_16' title='bbox 915 467 920 478; x_wconf 68' lang='grc'>,</span> 
     </span>
     <span class='ocr_line' id='line_1_4' title="bbox 164 506 871 582; baseline 0.001 -22"><span class='ocrx_word' id='word_1_17' title='bbox 164 506 253 578; x_wconf 81' lang='lat' dir='ltr'>Atque</span> <span class='ocrx_word' id='word_1_18' title='bbox 263 509 361 562; x_wconf 88' lang='lat' dir='ltr'>itemm</span> <span class='ocrx_word' id='word_1_19' title='bbox 370 509 400 564; x_wconf 85' lang='lat' dir='ltr'>in</span> <span class='ocrx_word' id='word_1_20' title='bbox 410 511 529 564; x_wconf 89' lang='lat' dir='ltr'>Teucros</span> <span class='ocrx_word' id='word_1_21' title='bbox 541 509 642 563; x_wconf 80' lang='lat' dir='ltr'>AEtolis</span> <span class='ocrx_word' id='word_1_22' title='bbox 652 509 735 582; x_wconf 78' lang='lat' dir='ltr'>surgit</span> <span class='ocrx_word' id='word_1_23' title='bbox 747 511 779 562; x_wconf 90' lang='lat' dir='ltr'>ab</span> <span class='ocrx_word' id='word_1_24' title='bbox 791 508 871 578; x_wconf 79' lang='lat' dir='ltr'>Arpis</span> 
     </span>
    </p>
   </div>
   <div class='ocr_carea' id='block_1_3' title="bbox 106 605 917 2929">
    <p class='ocr_par' dir='ltr' id='par_1_3' title="bbox 106 605 917 2929">
     <span class='ocr_line' id='line_1_5' title="bbox 165 605 884 678; baseline 0.003 -20"><span class='ocrx_word' id='word_1_25' title='bbox 165 605 293 676; x_wconf 82' lang='lat' dir='ltr'>Tydides.</span> <span class='ocrx_word' id='word_1_26' title='bbox 303 606 450 678; x_wconf 81' lang='lat' dir='ltr'><strong>Equidem,</strong></span> <span class='ocrx_word' id='word_1_27' title='bbox 467 609 566 672; x_wconf 86' lang='lat' dir='ltr'>credo,</span> <span class='ocrx_word' id='word_1_28' title='bbox 581 624 641 661; x_wconf 90' lang='lat' dir='ltr'>mea</span> <span class='ocrx_word' id='word_1_29' title='bbox 649 610 761 662; x_wconf 88' lang='lat' dir='ltr'>vulnera</span> <span class='ocrx_word' id='word_1_30' title='bbox 772 607 884 669; x_wconf 66' lang='lat' dir='ltr'>testarum</span> 
     </span>
     <span class='ocr_line' id='line_1_6' title="bbox 111 701 767 774; baseline 0.008 -20"><span class='ocrx_word' id='word_1_31' title='bbox 111 701 145 754; x_wconf 87' lang='lat'>30</span> <span class='ocrx_word' id='word_1_32' title='bbox 164 703 198 756; x_wconf 83' lang='lat' dir='ltr'>Er</span> <span class='ocrx_word' id='word_1_33' title='bbox 207 717 252 756; x_wconf 90' lang='lat' dir='ltr'>tua</span> <span class='ocrx_word' id='word_1_34' title='bbox 261 704 403 774; x_wconf 78' lang='lat' dir='ltr'>progenies</span> <span class='ocrx_word' id='word_1_35' title='bbox 415 703 539 758; x_wconf 84' lang='lat' dir='ltr'>mortalia</span> <span class='ocrx_word' id='word_1_36' title='bbox 550 707 677 759; x_wconf 80' lang='lat' dir='ltr'>demoror</span> <span class='ocrx_word' id='word_1_37' title='bbox 686 722 767 760; x_wconf 88' lang='lat' dir='ltr'>arma.</span> 
     </span>
     <span class='ocr_line' id='line_1_7' title="bbox 164 798 789 872; baseline 0.01 -22"><span class='ocrx_word' id='word_1_38' title='bbox 164 798 193 851; x_wconf 88' lang='lat' dir='ltr'>si</span> <span class='ocrx_word' id='word_1_39' title='bbox 203 798 257 852; x_wconf 86' lang='lat' dir='ltr'>fine</span> <span class='ocrx_word' id='word_1_40' title='bbox 267 816 330 868; x_wconf 86' lang='lat' dir='ltr'>pace</span> <span class='ocrx_word' id='word_1_41' title='bbox 341 815 385 854; x_wconf 89' lang='lat' dir='ltr'>tua</span> <span class='ocrx_word' id='word_1_42' title='bbox 394 815 473 872; x_wconf 88' lang='lat' dir='ltr'>atque</span> <span class='ocrx_word' id='word_1_43' title='bbox 483 801 573 856; x_wconf 90' lang='lat' dir='ltr'>invito</span> <span class='ocrx_word' id='word_1_44' title='bbox 582 803 692 856; x_wconf 89' lang='lat' dir='ltr'>numine</span> <span class='ocrx_word' id='word_1_45' title='bbox 702 803 789 858; x_wconf 81' lang='lat' dir='ltr'>Troe&#39;s</span> 
     </span>
     <span class='ocr_line' id='line_1_8' title="bbox 163 895 786 971; baseline 0.016 -25"><span class='ocrx_word' id='word_1_46' title='bbox 163 895 264 950; x_wconf 79' lang='lat' dir='ltr'>italiam</span> <span class='ocrx_word' id='word_1_47' title='bbox 275 897 375 966; x_wconf 89' lang='lat' dir='ltr'>petiere</span> <span class='ocrx_word' id='word_1_48' title='bbox 386 919 394 960; x_wconf 74' lang='lat'>3</span> <span class='ocrx_word' id='word_1_49' title='bbox 406 902 481 952; x_wconf 83' lang='lat' dir='ltr'>luam</span> <span class='ocrx_word' id='word_1_50' title='bbox 490 914 615 970; x_wconf 86' lang='lat' dir='ltr'>peccata,</span> <span class='ocrx_word' id='word_1_51' title='bbox 626 917 713 971; x_wconf 84' lang='lat' dir='ltr'>neque</span> <span class='ocrx_word' id='word_1_52' title='bbox 722 900 786 956; x_wconf 80' lang='lat' dir='ltr'>illos</span> 
     </span>
     <span class='ocr_line' id='line_1_9' title="bbox 163 992 767 1068; baseline 0.012 -22"><span class='ocrx_word' id='word_1_53' title='bbox 163 992 270 1046; x_wconf 82' lang='lat' dir='ltr'>Juveris</span> <span class='ocrx_word' id='word_1_54' title='bbox 286 994 398 1049; x_wconf 85' lang='lat' dir='ltr'>auxilio.</span> <span class='ocrx_word' id='word_1_55' title='bbox 411 996 460 1049; x_wconf 88' lang='lat' dir='ltr'>Sin</span> <span class='ocrx_word' id='word_1_56' title='bbox 470 1011 513 1050; x_wconf 90' lang='lat' dir='ltr'>rot</span> <span class='ocrx_word' id='word_1_57' title='bbox 527 997 652 1068; x_wconf 87' lang='lat' dir='ltr'>responsa</span> <span class='ocrx_word' id='word_1_58' title='bbox 664 998 767 1064; x_wconf 83' lang='lat' dir='ltr'>secuti,</span> 
     </span>
     <span class='ocr_line' id='line_1_10' title="bbox 164 1091 913 1167; baseline 0.011 -24"><span class='ocrx_word' id='word_1_59' title='bbox 164 1091 232 1158; x_wconf 76' lang='lat' dir='ltr'>Qua</span> <span class='ocrx_word' id='word_1_60' title='bbox 237 1091 332 1162; x_wconf 85' lang='lat' dir='ltr'>Superi</span> <span class='ocrx_word' id='word_1_61' title='bbox 337 1093 482 1165; x_wconf 84' lang='lat' dir='ltr'>Manesque</span> <span class='ocrx_word' id='word_1_62' title='bbox 488 1096 639 1157; x_wconf 78' lang='lat' dir='ltr'>dabant3cur</span> <span class='ocrx_word' id='word_1_63' title='bbox 646 1113 716 1151; x_wconf 86' lang='lat' dir='ltr'>nunc</span> <span class='ocrx_word' id='word_1_64' title='bbox 722 1095 913 1167; x_wconf 82' lang='lat' dir='ltr'>tuaquisquara</span> 
     </span>
     <span class='ocr_line' id='line_1_11' title="bbox 109 1188 874 1264; baseline 0.001 -17"><span class='ocrx_word' id='word_1_65' title='bbox 109 1193 140 1247; x_wconf 82' lang='lat'>35</span> <span class='ocrx_word' id='word_1_66' title='bbox 163 1189 277 1264; x_wconf 79' lang='lat' dir='ltr'>Vertere</span> <span class='ocrx_word' id='word_1_67' title='bbox 285 1188 351 1257; x_wconf 76' lang='lat' dir='ltr'>jussa</span> <span class='ocrx_word' id='word_1_68' title='bbox 362 1189 469 1262; x_wconf 76' lang='lat' dir='ltr'>potest?</span> <span class='ocrx_word' id='word_1_69' title='bbox 482 1207 527 1244; x_wconf 91' lang='lat' dir='ltr'>aut</span> <span class='ocrx_word' id='word_1_70' title='bbox 538 1209 588 1245; x_wconf 81' lang='lat' dir='ltr'>cur</span> <span class='ocrx_word' id='word_1_71' title='bbox 595 1209 668 1246; x_wconf 86' lang='lat' dir='ltr'>nova</span> <span class='ocrx_word' id='word_1_72' title='bbox 678 1195 792 1247; x_wconf 88' lang='lat' dir='ltr'>condere</span> <span class='ocrx_word' id='word_1_73' title='bbox 803 1195 874 1248; x_wconf 80' lang='lat' dir='ltr'>fata?</span> 
     </span>
     <span class='ocr_line' id='line_1_12' title="bbox 164 1286 868 1361; baseline 0.007 -20"><span class='ocrx_word' id='word_1_74' title='bbox 164 1286 237 1356; x_wconf 88' lang='lat' dir='ltr'>Quid</span> <span class='ocrx_word' id='word_1_75' title='bbox 248 1303 366 1360; x_wconf 87' lang='lat' dir='ltr'>repetam</span> <span class='ocrx_word' id='word_1_76' title='bbox 378 1287 482 1344; x_wconf 69' lang='lat' dir='ltr'>eradiat</span> <span class='ocrx_word' id='word_1_77' title='bbox 491 1289 609 1361; x_wconf 83' lang='lat' dir='ltr'>Erycino</span> <span class='ocrx_word' id='word_1_78' title='bbox 619 1289 648 1342; x_wconf 88' lang='lat' dir='ltr'>iu</span> <span class='ocrx_word' id='word_1_79' title='bbox 656 1289 748 1344; x_wconf 88' lang='lat' dir='ltr'>littore</span> <span class='ocrx_word' id='word_1_80' title='bbox 760 1289 868 1346; x_wconf 73' lang='lat' dir='ltr'>clades?</span> 
     </span>
     <span class='ocr_line' id='line_1_13' title="bbox 163 1386 849 1460; baseline 0.003 -20"><span class='ocrx_word' id='word_1_81' title='bbox 163 1386 237 1454; x_wconf 88' lang='lat' dir='ltr'>Quid</span> <span class='ocrx_word' id='word_1_82' title='bbox 246 1387 430 1458; x_wconf 85' lang='lat' dir='ltr'>tempestatum</span> <span class='ocrx_word' id='word_1_83' title='bbox 440 1389 542 1460; x_wconf 81' lang='lat' dir='ltr'>Regem</span> <span class='ocrx_word' id='word_1_84' title='bbox 553 1428 561 1454; x_wconf 84' lang='lat'>,</span> <span class='ocrx_word' id='word_1_85' title='bbox 571 1387 720 1458; x_wconf 84' lang='lat' dir='ltr'>ventosque</span> <span class='ocrx_word' id='word_1_86' title='bbox 731 1388 849 1442; x_wconf 85' lang='lat' dir='ltr'>furentes</span> 
     </span>
     <span class='ocr_line' id='line_1_14' title="bbox 163 1482 860 1560; baseline 0.006 -24"><span class='ocrx_word' id='word_1_87' title='bbox 163 1482 255 1537; x_wconf 78' lang='lat' dir='ltr'>AEolid</span> <span class='ocrx_word' id='word_1_88' title='bbox 267 1485 391 1550; x_wconf 84' lang='lat' dir='ltr'>excitos,</span> <span class='ocrx_word' id='word_1_89' title='bbox 404 1501 449 1539; x_wconf 89' lang='lat' dir='ltr'>aut</span> <span class='ocrx_word' id='word_1_90' title='bbox 459 1485 544 1540; x_wconf 70' lang='lat' dir='ltr'>astam</span> <span class='ocrx_word' id='word_1_91' title='bbox 553 1485 665 1538; x_wconf 81' lang='lat' dir='ltr'>nubibus</span> <span class='ocrx_word' id='word_1_92' title='bbox 674 1486 760 1540; x_wconf 83' lang='lat' dir='ltr'>Irim?</span> <span class='ocrx_word' id='word_1_93' title='bbox 856 1553 860 1560; x_wconf 82' lang='lat'><em>.</em></span> 
     </span>
     <span class='ocr_line' id='line_1_15' title="bbox 162 1581 794 1650; baseline 0.006 -18"><span class='ocrx_word' id='word_1_94' title='bbox 162 1581 241 1634; x_wconf 86' lang='lat' dir='ltr'>Nunc</span> <span class='ocrx_word' id='word_1_95' title='bbox 251 1583 331 1637; x_wconf 89' lang='lat' dir='ltr'>etiam</span> <span class='ocrx_word' id='word_1_96' title='bbox 341 1583 437 1638; x_wconf 88' lang='lat' dir='ltr'>Manes</span> <span class='ocrx_word' id='word_1_97' title='bbox 449 1582 460 1650; x_wconf 95' lang='lat'>(</span> <span class='ocrx_word' id='word_1_98' title='bbox 469 1584 525 1636; x_wconf 79' lang='lat' dir='ltr'>haec</span> <span class='ocrx_word' id='word_1_99' title='bbox 535 1583 663 1636; x_wconf 86' lang='lat' dir='ltr'>intentata</span> <span class='ocrx_word' id='word_1_100' title='bbox 672 1583 794 1636; x_wconf 88' lang='lat' dir='ltr'>manebat</span> 
     </span>
     <span class='ocr_line' id='line_1_16' title="bbox 106 1678 865 1750; baseline -0.001 -15"><span class='ocrx_word' id='word_1_101' title='bbox 106 1687 143 1735; x_wconf 81' lang='lat'>40</span> <span class='ocrx_word' id='word_1_102' title='bbox 163 1679 226 1732; x_wconf 85' lang='lat' dir='ltr'>Sors</span> <span class='ocrx_word' id='word_1_103' title='bbox 237 1697 325 1734; x_wconf 88' lang='lat' dir='ltr'>rerum</span> <span class='ocrx_word' id='word_1_104' title='bbox 335 1680 347 1750; x_wconf 89' lang='lat'>)</span> <span class='ocrx_word' id='word_1_105' title='bbox 358 1696 470 1736; x_wconf 84' lang='lat' dir='ltr'>movet:</span> <span class='ocrx_word' id='word_1_106' title='bbox 482 1682 509 1734; x_wconf 74' lang='lat' dir='ltr'>dt</span> <span class='ocrx_word' id='word_1_107' title='bbox 520 1681 622 1750; x_wconf 87' lang='lat' dir='ltr'>superis</span> <span class='ocrx_word' id='word_1_108' title='bbox 632 1679 746 1734; x_wconf 84' lang='lat' dir='ltr'>immiffa</span> <span class='ocrx_word' id='word_1_109' title='bbox 755 1678 865 1750; x_wconf 73' lang='lat' dir='ltr'>repente</span> 
     </span>
     <span class='ocr_line' id='line_1_17' title="bbox 163 1777 793 1848; baseline 0.003 -18"><span class='ocrx_word' id='word_1_110' title='bbox 163 1777 258 1832; x_wconf 78' lang='lat' dir='ltr'>Aledio</span> <span class='ocrx_word' id='word_1_111' title='bbox 269 1818 277 1844; x_wconf 86' lang='lat'><strong>‚</strong></span> <span class='ocrx_word' id='word_1_112' title='bbox 294 1778 394 1834; x_wconf 90' lang='lat' dir='ltr'>medias</span> <span class='ocrx_word' id='word_1_113' title='bbox 405 1779 501 1834; x_wconf 74' lang='lat' dir='ltr'>Italum</span> <span class='ocrx_word' id='word_1_114' title='bbox 512 1779 635 1832; x_wconf 83' lang='lat' dir='ltr'>bacchata</span> <span class='ocrx_word' id='word_1_115' title='bbox 646 1795 694 1848; x_wconf 90' lang='lat' dir='ltr'>per</span> <span class='ocrx_word' id='word_1_116' title='bbox 705 1781 793 1832; x_wconf 82' lang='lat' dir='ltr'>urbes.</span> 
     </span>
     <span class='ocr_line' id='line_1_18' title="bbox 163 1874 819 1946; baseline 0.003 -18"><span class='ocrx_word' id='word_1_117' title='bbox 163 1876 210 1928; x_wconf 85' lang='lat' dir='ltr'>Nil</span> <span class='ocrx_word' id='word_1_118' title='bbox 222 1876 300 1945; x_wconf 87' lang='lat' dir='ltr'>super</span> <span class='ocrx_word' id='word_1_119' title='bbox 311 1874 427 1946; x_wconf 88' lang='lat' dir='ltr'>imperio</span> <span class='ocrx_word' id='word_1_120' title='bbox 438 1891 570 1930; x_wconf 89' lang='lat' dir='ltr'>moveor:</span> <span class='ocrx_word' id='word_1_121' title='bbox 584 1875 749 1944; x_wconf 81' lang='lat' dir='ltr'>speravimus</span> <span class='ocrx_word' id='word_1_122' title='bbox 758 1875 819 1941; x_wconf 82' lang='lat' dir='ltr'>iiia,</span> 
     </span>
     <span class='ocr_line' id='line_1_19' title="bbox 163 1973 902 2054; baseline 0 -27"><span class='ocrx_word' id='word_1_123' title='bbox 163 1975 239 2028; x_wconf 89' lang='lat' dir='ltr'>Dum</span> <span class='ocrx_word' id='word_1_124' title='bbox 250 1975 357 2028; x_wconf 83' lang='lat' dir='ltr'>fortuna</span> <span class='ocrx_word' id='word_1_125' title='bbox 367 1975 419 2028; x_wconf 81' lang='lat' dir='ltr'>fuit</span> <span class='ocrx_word' id='word_1_126' title='bbox 428 1994 435 2028; x_wconf 74' lang='grc' dir='ltr'>ε</span> <span class='ocrx_word' id='word_1_127' title='bbox 445 1975 575 2042; x_wconf 82' lang='lat' dir='ltr'>vineant,</span> <span class='ocrx_word' id='word_1_128' title='bbox 589 1991 658 2054; x_wconf 85' lang='lat' dir='ltr'>quos</span> <span class='ocrx_word' id='word_1_129' title='bbox 667 1974 777 2028; x_wconf 86' lang='lat' dir='ltr'>vincere</span> <span class='ocrx_word' id='word_1_130' title='bbox 789 1973 886 2030; x_wconf 82' lang='lat' dir='ltr'>mavis.</span> <span class='ocrx_word' id='word_1_131' title='bbox 900 2029 902 2034; x_wconf 78' lang='grc'>,</span> 
     </span>
     <span class='ocr_line' id='line_1_20' title="bbox 164 2071 870 2144; baseline 0.003 -20"><span class='ocrx_word' id='word_1_132' title='bbox 164 2071 194 2124; x_wconf 88' lang='lat' dir='ltr'>Si</span> <span class='ocrx_word' id='word_1_133' title='bbox 206 2073 277 2126; x_wconf 89' lang='lat' dir='ltr'>nulla</span> <span class='ocrx_word' id='word_1_134' title='bbox 289 2071 326 2126; x_wconf 84' lang='lat' dir='ltr'>est</span> <span class='ocrx_word' id='word_1_135' title='bbox 338 2072 413 2144; x_wconf 78' lang='lat' dir='ltr'>regio</span> <span class='ocrx_word' id='word_1_136' title='bbox 426 2073 554 2138; x_wconf 87' lang='lat' dir='ltr'>,Teucris</span> <span class='ocrx_word' id='word_1_137' title='bbox 566 2090 646 2144; x_wconf 85' lang='lat' dir='ltr'>quam</span> <span class='ocrx_word' id='word_1_138' title='bbox 657 2075 701 2126; x_wconf 91' lang='lat' dir='ltr'>det</span> <span class='ocrx_word' id='word_1_139' title='bbox 715 2087 759 2126; x_wconf 90' lang='lat' dir='ltr'>tua</span> <span class='ocrx_word' id='word_1_140' title='bbox 768 2071 870 2140; x_wconf 82' lang='lat' dir='ltr'>conjux</span> 
     </span>
     <span class='ocr_line' id='line_1_21' title="bbox 110 2169 820 2242; baseline -0.003 -16"><span class='ocrx_word' id='word_1_141' title='bbox 110 2178 150 2229; x_wconf 82' lang='lat'>45·</span> <span class='ocrx_word' id='word_1_142' title='bbox 165 2172 240 2224; x_wconf 84' lang='lat' dir='ltr'>Dura</span> <span class='ocrx_word' id='word_1_143' title='bbox 250 2189 258 2226; x_wconf 75' lang='lat' dir='ltr'><strong><em>z</em></strong></span> <span class='ocrx_word' id='word_1_144' title='bbox 270 2188 318 2242; x_wconf 90' lang='lat' dir='ltr'>per</span> <span class='ocrx_word' id='word_1_145' title='bbox 329 2171 443 2236; x_wconf 79' lang='lat' dir='ltr'>eversa,</span> <span class='ocrx_word' id='word_1_146' title='bbox 454 2171 559 2241; x_wconf 85' lang='lat' dir='ltr'>genitor</span> <span class='ocrx_word' id='word_1_147' title='bbox 572 2211 580 2235; x_wconf 80' lang='grc'><em>,</em></span> <span class='ocrx_word' id='word_1_148' title='bbox 592 2170 721 2224; x_wconf 87' lang='lat' dir='ltr'>fumantia</span> <span class='ocrx_word' id='word_1_149' title='bbox 732 2169 820 2236; x_wconf 79' lang='lat' dir='ltr'>Troiae</span> 
     </span>
     <span class='ocr_line' id='line_1_22' title="bbox 165 2267 790 2329; baseline -0.006 -5"><span class='ocrx_word' id='word_1_150' title='bbox 165 2269 273 2328; x_wconf 82' lang='lat' dir='ltr'>Excidia</span> <span class='ocrx_word' id='word_1_151' title='bbox 285 2268 420 2329; x_wconf 77' lang='lat' dir='ltr'>obtestor3</span> <span class='ocrx_word' id='word_1_152' title='bbox 436 2267 514 2322; x_wconf 88' lang='lat' dir='ltr'>liceat</span> <span class='ocrx_word' id='word_1_153' title='bbox 526 2267 659 2322; x_wconf 79' lang='lat' dir='ltr'>dimittere</span> <span class='ocrx_word' id='word_1_154' title='bbox 669 2269 701 2320; x_wconf 92' lang='lat' dir='ltr'>ab</span> <span class='ocrx_word' id='word_1_155' title='bbox 710 2267 790 2320; x_wconf 82' lang='lat' dir='ltr'>armis</span> 
     </span>
     <span class='ocr_line' id='line_1_23' title="bbox 164 2365 873 2436; baseline -0.003 -15"><span class='ocrx_word' id='word_1_156' title='bbox 164 2370 330 2421; x_wconf 89' lang='lat' dir='ltr'>Incolumem</span> <span class='ocrx_word' id='word_1_157' title='bbox 339 2365 496 2430; x_wconf 76' lang='lat' dir='ltr'>Ascanium,</span> <span class='ocrx_word' id='word_1_158' title='bbox 509 2365 587 2420; x_wconf 90' lang='lat' dir='ltr'>liceat</span> <span class='ocrx_word' id='word_1_159' title='bbox 596 2365 726 2434; x_wconf 82' lang='lat' dir='ltr'>supereffe</span> <span class='ocrx_word' id='word_1_160' title='bbox 736 2379 873 2436; x_wconf 84' lang='lat' dir='ltr'>nepotem.</span> 
     </span>
     <span class='ocr_line' id='line_1_24' title="bbox 164 2463 711 2535; baseline 0.004 -19"><span class='ocrx_word' id='word_1_161' title='bbox 164 2465 263 2518; x_wconf 82' lang='lat' dir='ltr'>AEneas</span> <span class='ocrx_word' id='word_1_162' title='bbox 275 2463 337 2518; x_wconf 79' lang='lat' dir='ltr'>san&#39;e</span> <span class='ocrx_word' id='word_1_163' title='bbox 347 2463 447 2535; x_wconf 81' lang='lat' dir='ltr'>ignotis</span> <span class='ocrx_word' id='word_1_164' title='bbox 457 2463 567 2531; x_wconf 79' lang='lat' dir='ltr'>jadietur</span> <span class='ocrx_word' id='word_1_165' title='bbox 577 2464 605 2516; x_wconf 88' lang='lat' dir='ltr'>in</span> <span class='ocrx_word' id='word_1_166' title='bbox 614 2464 691 2518; x_wconf 88' lang='lat' dir='ltr'>undis</span> <span class='ocrx_word' id='word_1_167' title='bbox 702 2483 711 2526; x_wconf 90' lang='grc'>·,</span> 
     </span>
     <span class='ocr_line' id='line_1_25' title="bbox 165 2560 912 2634; baseline 0.003 -20"><span class='ocrx_word' id='word_1_168' title='bbox 165 2563 212 2629; x_wconf 83' lang='lat' dir='ltr'>Et,</span> <span class='ocrx_word' id='word_1_169' title='bbox 225 2579 418 2634; x_wconf 90' lang='lat' dir='ltr'>quamcumque</span> <span class='ocrx_word' id='word_1_170' title='bbox 429 2560 503 2614; x_wconf 86' lang='lat' dir='ltr'>viam</span> <span class='ocrx_word' id='word_1_171' title='bbox 514 2560 614 2614; x_wconf 85' lang='lat' dir='ltr'>dederit</span> <span class='ocrx_word' id='word_1_172' title='bbox 629 2561 736 2616; x_wconf 84' lang='lat' dir='ltr'>fortuna</span> <span class='ocrx_word' id='word_1_173' title='bbox 747 2600 756 2627; x_wconf 82' lang='lat'>‚</span> <span class='ocrx_word' id='word_1_174' title='bbox 769 2562 912 2632; x_wconf 69' lang='lat' dir='ltr'>sequatur3</span> 
     </span>
     <span class='ocr_line' id='line_1_26' title="bbox 111 2659 855 2735; baseline 0.003 -21"><span class='ocrx_word' id='word_1_175' title='bbox 111 2671 143 2724; x_wconf 88' lang='lat'>50</span> <span class='ocrx_word' id='word_1_176' title='bbox 164 2661 243 2714; x_wconf 87' lang='lat' dir='ltr'>Hunc</span> <span class='ocrx_word' id='word_1_177' title='bbox 254 2674 344 2735; x_wconf 80' lang='lat' dir='ltr'>tegere</span> <span class='ocrx_word' id='word_1_178' title='bbox 355 2699 363 2726; x_wconf 84' lang='lat'>,</span> <span class='ocrx_word' id='word_1_179' title='bbox 374 2660 402 2713; x_wconf 78' lang='grc' dir='ltr'>δι</span> <span class='ocrx_word' id='word_1_180' title='bbox 410 2659 474 2712; x_wconf 76' lang='lat' dir='ltr'>dira</span> <span class='ocrx_word' id='word_1_181' title='bbox 482 2661 587 2712; x_wconf 86' lang='lat' dir='ltr'>valeam</span> <span class='ocrx_word' id='word_1_182' title='bbox 597 2659 739 2714; x_wconf 86' lang='lat' dir='ltr'>subducere</span> <span class='ocrx_word' id='word_1_183' title='bbox 749 2676 855 2731; x_wconf 77' lang='lat' dir='ltr'>pugne.</span> 
     </span>
     <span class='ocr_line' id='line_1_27' title="bbox 163 2754 917 2829; baseline 0 -17"><span class='ocrx_word' id='word_1_184' title='bbox 163 2759 207 2812; x_wconf 86' lang='lat' dir='ltr'>Est</span> <span class='ocrx_word' id='word_1_185' title='bbox 212 2759 357 2822; x_wconf 82' lang='lat' dir='ltr'>Amathus,</span> <span class='ocrx_word' id='word_1_186' title='bbox 366 2755 403 2811; x_wconf 85' lang='lat' dir='ltr'>est</span> <span class='ocrx_word' id='word_1_187' title='bbox 409 2757 476 2812; x_wconf 84' lang='lat' dir='ltr'>celsa</span> <span class='ocrx_word' id='word_1_188' title='bbox 482 2754 549 2810; x_wconf 86' lang='lat' dir='ltr'>mihi</span> <span class='ocrx_word' id='word_1_189' title='bbox 555 2755 676 2826; x_wconf 83' lang='lat' dir='ltr'>Paphos,</span> <span class='ocrx_word' id='word_1_190' title='bbox 688 2771 767 2828; x_wconf 89' lang='lat' dir='ltr'>atque</span> <span class='ocrx_word' id='word_1_191' title='bbox 776 2757 893 2829; x_wconf 86' lang='lat' dir='ltr'>Cythera</span> <span class='ocrx_word' id='word_1_192' title='bbox 903 2793 917 2824; x_wconf 44' lang='grc' dir='ltr'>,ι</span> 
     </span>
     <span class='ocr_line' id='line_1_28' title="bbox 163 2853 765 2929; baseline -0.003 -15"><span class='ocrx_word' id='word_1_193' title='bbox 163 2857 304 2929; x_wconf 86' lang='lat' dir='ltr'>Idaliaeque</span> <span class='ocrx_word' id='word_1_194' title='bbox 316 2857 428 2914; x_wconf 82' lang='lat' dir='ltr'>demus:</span> <span class='ocrx_word' id='word_1_195' title='bbox 441 2853 534 2925; x_wconf 82' lang='lat' dir='ltr'>pofitis</span> <span class='ocrx_word' id='word_1_196' title='bbox 545 2853 675 2927; x_wconf 74' lang='lat' dir='ltr'>inglorius</span> <span class='ocrx_word' id='word_1_197' title='bbox 685 2855 765 2912; x_wconf 87' lang='lat' dir='ltr'>armis</span> 
     </span>
    </p>
   </div>
   <div class='ocr_carea' id='block_1_4' title="bbox 0 0 1022 3476">
    <p class='ocr_par' dir='ltr' id='par_1_4' title="bbox 0 0 1022 3476">
     <span class='ocr_line' id='line_1_29' title="bbox 0 0 1022 3476; baseline 0 0"><span class='ocrx_word' id='word_1_198' title='bbox 0 0 1022 3476; x_wconf 95' lang='lat' dir='ltr'> </span> 
     </span>
    </p>
   </div>
  </div>
 </body>
</html>
