<?xml version="1.0" encoding="UTF-8"?>
<!DOCTYPE html PUBLIC "-//W3C//DTD XHTML 1.0 Transitional//EN"
    "http://www.w3.org/TR/xhtml1/DTD/xhtml1-transitional.dtd">
<html xmlns="http://www.w3.org/1999/xhtml" xml:lang="en" lang="en">
 <head>
  <title>
</title>
<meta http-equiv="Content-Type" content="text/html;charset=utf-8" />
  <meta name='ocr-system' content='tesseract 3.04.00' />
  <meta name='ocr-capabilities' content='ocr_page ocr_carea ocr_par ocr_line ocrx_word'/>
</head>
<body>
  <div class='ocr_page' id='page_1' title='image "./publiivirgiliim01cappgoog_0113.png"; bbox 0 0 2036 3476; ppageno 0'>
   <div class='ocr_carea' id='block_1_1' title="bbox 192 185 727 273">
    <p class='ocr_par' dir='ltr' id='par_1_1' title="bbox 192 185 727 273">
     <span class='ocr_line' id='line_1_1' title="bbox 192 185 727 273; baseline 0.013 -7"><span class='ocrx_word' id='word_1_1' title='bbox 192 209 270 266; x_wconf 93' lang='lat'>100</span> <span class='ocrx_word' id='word_1_2' title='bbox 395 185 727 273; x_wconf 75' lang='lat' dir='ltr'>AEuarvos</span> 
     </span>
    </p>
   </div>
   <div class='ocr_carea' id='block_1_2' title="bbox 118 345 925 2961">
    <p class='ocr_par' dir='ltr' id='par_1_2' title="bbox 127 345 925 813">
     <span class='ocr_line' id='line_1_2' title="bbox 127 345 866 428; baseline 0.018 -31"><span class='ocrx_word' id='word_1_3' title='bbox 127 345 162 398; x_wconf 82' lang='lat'>80</span> <span class='ocrx_word' id='word_1_4' title='bbox 182 347 276 403; x_wconf 88' lang='lat' dir='ltr'>Pacem</span> <span class='ocrx_word' id='word_1_5' title='bbox 288 369 363 408; x_wconf 89' lang='lat' dir='ltr'>orare</span> <span class='ocrx_word' id='word_1_6' title='bbox 373 371 452 408; x_wconf 87' lang='lat' dir='ltr'>manu</span> <span class='ocrx_word' id='word_1_7' title='bbox 463 395 470 420; x_wconf 82' lang='grc'><em>,</em></span> <span class='ocrx_word' id='word_1_8' title='bbox 482 354 619 428; x_wconf 82' lang='lat' dir='ltr'>praefigere</span> <span class='ocrx_word' id='word_1_9' title='bbox 630 356 762 427; x_wconf 78' lang='lat' dir='ltr'>puppibus</span> <span class='ocrx_word' id='word_1_10' title='bbox 772 355 866 410; x_wconf 74' lang='lat' dir='ltr'>arma?</span> 
     </span>
     <span class='ocr_line' id='line_1_3' title="bbox 181 447 853 518; baseline 0.012 -20"><span class='ocrx_word' id='word_1_11' title='bbox 181 447 224 499; x_wconf 89' lang='lat' dir='ltr'>Tu</span> <span class='ocrx_word' id='word_1_12' title='bbox 235 463 313 518; x_wconf 88' lang='lat' dir='ltr'>potes</span> <span class='ocrx_word' id='word_1_13' title='bbox 324 449 427 505; x_wconf 81' lang='lat' dir='ltr'>AEnean</span> <span class='ocrx_word' id='word_1_14' title='bbox 438 453 558 506; x_wconf 85' lang='lat' dir='ltr'>manibus</span> <span class='ocrx_word' id='word_1_15' title='bbox 568 455 709 507; x_wconf 88' lang='lat' dir='ltr'>subducere</span> <span class='ocrx_word' id='word_1_16' title='bbox 722 452 853 517; x_wconf 69' lang='lat' dir='ltr'>Graium,</span> 
     </span>
     <span class='ocr_line' id='line_1_4' title="bbox 180 543 915 615; baseline 0.011 -18"><span class='ocrx_word' id='word_1_17' title='bbox 180 543 285 615; x_wconf 83' lang='lat' dir='ltr'>Proque</span> <span class='ocrx_word' id='word_1_18' title='bbox 296 547 359 601; x_wconf 89' lang='lat' dir='ltr'>viro</span> <span class='ocrx_word' id='word_1_19' title='bbox 371 550 494 602; x_wconf 83' lang='lat' dir='ltr'><strong>nebulam</strong></span> <span class='ocrx_word' id='word_1_20' title='bbox 506 551 532 603; x_wconf 77' lang='grc' dir='ltr'>δε</span> <span class='ocrx_word' id='word_1_21' title='bbox 542 565 640 604; x_wconf 86' lang='lat' dir='ltr'>ventos</span> <span class='ocrx_word' id='word_1_22' title='bbox 650 551 793 605; x_wconf 82' lang='lat' dir='ltr'>obtendere</span> <span class='ocrx_word' id='word_1_23' title='bbox 803 550 915 612; x_wconf 67' lang='lat' dir='ltr'>inanest</span> 
     </span>
     <span class='ocr_line' id='line_1_5' title="bbox 179 643 917 720; baseline 0.012 -26"><span class='ocrx_word' id='word_1_24' title='bbox 179 643 212 695; x_wconf 90' lang='lat' dir='ltr'>Et</span> <span class='ocrx_word' id='word_1_25' title='bbox 222 659 301 712; x_wconf 85' lang='lat' dir='ltr'>potes</span> <span class='ocrx_word' id='word_1_26' title='bbox 310 644 339 698; x_wconf 88' lang='lat' dir='ltr'>in</span> <span class='ocrx_word' id='word_1_27' title='bbox 349 647 462 701; x_wconf 88' lang='lat' dir='ltr'>totidem</span> <span class='ocrx_word' id='word_1_28' title='bbox 471 647 575 702; x_wconf 86' lang='lat' dir='ltr'>classem</span> <span class='ocrx_word' id='word_1_29' title='bbox 588 664 746 702; x_wconf 87' lang='lat' dir='ltr'>convertere</span> <span class='ocrx_word' id='word_1_30' title='bbox 757 649 897 720; x_wconf 79' lang='lat' dir='ltr'>Nymphas</span> <span class='ocrx_word' id='word_1_31' title='bbox 908 667 917 703; x_wconf 77' lang='lat' dir='ltr'>t</span> 
     </span>
     <span class='ocr_line' id='line_1_6' title="bbox 178 741 925 813; baseline 0.015 -21"><span class='ocrx_word' id='word_1_32' title='bbox 178 741 237 794; x_wconf 85' lang='lat' dir='ltr'>Nos</span> <span class='ocrx_word' id='word_1_33' title='bbox 249 741 349 813; x_wconf 86' lang='lat' dir='ltr'>aliquid</span> <span class='ocrx_word' id='word_1_34' title='bbox 360 745 476 799; x_wconf 86' lang='lat' dir='ltr'>Rutulos</span> <span class='ocrx_word' id='word_1_35' title='bbox 488 745 580 800; x_wconf 83' lang='lat' dir='ltr'>contrd</span> <span class='ocrx_word' id='word_1_36' title='bbox 590 744 685 812; x_wconf 86' lang='lat' dir='ltr'>juvisse</span> <span class='ocrx_word' id='word_1_37' title='bbox 695 786 703 811; x_wconf 90' lang='lat'>,</span> <span class='ocrx_word' id='word_1_38' title='bbox 714 747 856 802; x_wconf 81' lang='lat' dir='ltr'>nefandum</span> <span class='ocrx_word' id='word_1_39' title='bbox 868 747 925 803; x_wconf 71' lang='lat' dir='ltr'>est?</span> 
     </span>
    </p>

    <p class='ocr_par' dir='ltr' id='par_1_3' title="bbox 122 837 724 913">
     <span class='ocr_line' id='line_1_7' title="bbox 122 837 724 913; baseline 0.017 -25"><span class='ocrx_word' id='word_1_40' title='bbox 122 837 154 902; x_wconf 85' lang='lat'>85</span> <span class='ocrx_word' id='word_1_41' title='bbox 177 839 273 894; x_wconf 83' lang='lat' dir='ltr'>AEneas</span> <span class='ocrx_word' id='word_1_42' title='bbox 284 839 390 912; x_wconf 82' lang='lat' dir='ltr'>ignarus</span> <span class='ocrx_word' id='word_1_43' title='bbox 400 841 468 896; x_wconf 78' lang='lat' dir='ltr'>abest</span> <span class='ocrx_word' id='word_1_44' title='bbox 478 861 485 897; x_wconf 75' lang='grc' dir='ltr'><strong>ι</strong></span> <span class='ocrx_word' id='word_1_45' title='bbox 495 843 602 913; x_wconf 81' lang='lat' dir='ltr'>ignarus</span> <span class='ocrx_word' id='word_1_46' title='bbox 614 844 641 896; x_wconf 78' lang='lat' dir='ltr'>dc</span> <span class='ocrx_word' id='word_1_47' title='bbox 652 844 724 898; x_wconf 86' lang='lat' dir='ltr'>absit.</span> 
     </span>
    </p>

    <p class='ocr_par' dir='ltr' id='par_1_4' title="bbox 175 936 924 1300">
     <span class='ocr_line' id='line_1_8' title="bbox 177 936 897 1014; baseline 0.011 -24"><span class='ocrx_word' id='word_1_48' title='bbox 177 936 219 990; x_wconf 80' lang='lat' dir='ltr'>Eli</span> <span class='ocrx_word' id='word_1_49' title='bbox 230 937 335 1008; x_wconf 84' lang='lat' dir='ltr'>Paphos</span> <span class='ocrx_word' id='word_1_50' title='bbox 348 979 355 1004; x_wconf 82' lang='lat'>‚</span> <span class='ocrx_word' id='word_1_51' title='bbox 367 939 532 1009; x_wconf 76' lang='lat' dir='ltr'>Idaliumque</span> <span class='ocrx_word' id='word_1_52' title='bbox 541 939 590 993; x_wconf 87' lang='lat' dir='ltr'>tibi</span> <span class='ocrx_word' id='word_1_53' title='bbox 602 979 611 1004; x_wconf 82' lang='lat'>,</span> <span class='ocrx_word' id='word_1_54' title='bbox 627 939 687 993; x_wconf 87' lang='lat' dir='ltr'>sunt</span> <span class='ocrx_word' id='word_1_55' title='bbox 696 943 748 994; x_wconf 87' lang='lat' dir='ltr'>alra</span> <span class='ocrx_word' id='word_1_56' title='bbox 761 943 897 1014; x_wconf 77' lang='lat' dir='ltr'>Cythera:</span> 
     </span>
     <span class='ocr_line' id='line_1_9' title="bbox 177 1035 924 1109; baseline 0.008 -20"><span class='ocrx_word' id='word_1_57' title='bbox 177 1035 251 1104; x_wconf 85' lang='lat' dir='ltr'>Quid</span> <span class='ocrx_word' id='word_1_58' title='bbox 260 1037 396 1109; x_wconf 80' lang='lat' dir='ltr'>gravidam</span> <span class='ocrx_word' id='word_1_59' title='bbox 406 1037 483 1090; x_wconf 83' lang='lat' dir='ltr'>bellis</span> <span class='ocrx_word' id='word_1_60' title='bbox 492 1039 584 1090; x_wconf 89' lang='lat' dir='ltr'>urbem</span> <span class='ocrx_word' id='word_1_61' title='bbox 595 1037 621 1090; x_wconf 74' lang='grc' dir='ltr'>δι</span> <span class='ocrx_word' id='word_1_62' title='bbox 631 1039 711 1090; x_wconf 89' lang='lat' dir='ltr'>corda</span> <span class='ocrx_word' id='word_1_63' title='bbox 719 1039 810 1108; x_wconf 91' lang='lat' dir='ltr'>aspera</span> <span class='ocrx_word' id='word_1_64' title='bbox 818 1043 924 1094; x_wconf 77' lang='lat' dir='ltr'>tentas?</span> 
     </span>
     <span class='ocr_line' id='line_1_10' title="bbox 175 1133 828 1205; baseline 0.003 -17"><span class='ocrx_word' id='word_1_65' title='bbox 175 1135 268 1189; x_wconf 81' lang='lat' dir='ltr'>Nosne</span> <span class='ocrx_word' id='word_1_66' title='bbox 280 1133 329 1188; x_wconf 87' lang='lat' dir='ltr'>tibi</span> <span class='ocrx_word' id='word_1_67' title='bbox 340 1134 426 1188; x_wconf 77' lang='lat' dir='ltr'>fluxas</span> <span class='ocrx_word' id='word_1_68' title='bbox 435 1133 557 1205; x_wconf 68' lang='lat' dir='ltr'>Phrygia</span> <span class='ocrx_word' id='word_1_69' title='bbox 569 1151 611 1187; x_wconf 83' lang='lat' dir='ltr'>res</span> <span class='ocrx_word' id='word_1_70' title='bbox 622 1145 728 1188; x_wconf 85' lang='lat' dir='ltr'>vertere</span> <span class='ocrx_word' id='word_1_71' title='bbox 739 1135 828 1190; x_wconf 87' lang='lat' dir='ltr'>sundo-</span> 
     </span>
     <span class='ocr_line' id='line_1_11' title="bbox 178 1229 868 1300; baseline 0.006 -16"><span class='ocrx_word' id='word_1_72' title='bbox 178 1232 335 1287; x_wconf 82' lang='lat' dir='ltr'>Conamut?</span> <span class='ocrx_word' id='word_1_73' title='bbox 348 1234 420 1287; x_wconf 84' lang='lat' dir='ltr'>nos?</span> <span class='ocrx_word' id='word_1_74' title='bbox 433 1247 466 1285; x_wconf 87' lang='lat' dir='ltr'>an</span> <span class='ocrx_word' id='word_1_75' title='bbox 477 1232 588 1284; x_wconf 84' lang='lat' dir='ltr'>miseros</span> <span class='ocrx_word' id='word_1_76' title='bbox 601 1229 649 1300; x_wconf 90' lang='lat' dir='ltr'>qui</span> <span class='ocrx_word' id='word_1_77' title='bbox 659 1232 744 1286; x_wconf 82' lang='lat' dir='ltr'>Troas</span> <span class='ocrx_word' id='word_1_78' title='bbox 757 1232 868 1288; x_wconf 81' lang='lat' dir='ltr'>Achivis</span> 
     </span>
    </p>

    <p class='ocr_par' dir='ltr' id='par_1_5' title="bbox 119 1328 921 1692">
     <span class='ocr_line' id='line_1_12' title="bbox 119 1328 813 1400; baseline 0.003 -18"><span class='ocrx_word' id='word_1_79' title='bbox 119 1343 156 1396; x_wconf 81' lang='lat'>90</span> <span class='ocrx_word' id='word_1_80' title='bbox 175 1328 301 1397; x_wconf 77' lang='lat' dir='ltr'>objecit?</span> <span class='ocrx_word' id='word_1_81' title='bbox 314 1331 382 1398; x_wconf 80' lang='lat' dir='ltr'>Quae</span> <span class='ocrx_word' id='word_1_82' title='bbox 391 1330 467 1384; x_wconf 88' lang='lat' dir='ltr'>causa</span> <span class='ocrx_word' id='word_1_83' title='bbox 475 1328 526 1383; x_wconf 88' lang='lat' dir='ltr'>suit</span> <span class='ocrx_word' id='word_1_84' title='bbox 535 1329 693 1400; x_wconf 85' lang='lat' dir='ltr'>consurgere</span> <span class='ocrx_word' id='word_1_85' title='bbox 703 1330 732 1382; x_wconf 90' lang='lat' dir='ltr'>in</span> <span class='ocrx_word' id='word_1_86' title='bbox 741 1345 813 1384; x_wconf 86' lang='lat' dir='ltr'>arma</span> 
     </span>
     <span class='ocr_line' id='line_1_13' title="bbox 174 1427 904 1498; baseline 0.003 -18"><span class='ocrx_word' id='word_1_87' title='bbox 174 1429 361 1498; x_wconf 86' lang='lat' dir='ltr'>Europamque</span> <span class='ocrx_word' id='word_1_88' title='bbox 372 1427 512 1497; x_wconf 80' lang='lat' dir='ltr'>Aliamque</span> <span class='ocrx_word' id='word_1_89' title='bbox 523 1467 530 1492; x_wconf 83' lang='lat'>,</span> <span class='ocrx_word' id='word_1_90' title='bbox 544 1427 571 1479; x_wconf 76' lang='grc' dir='ltr'>δι</span> <span class='ocrx_word' id='word_1_91' title='bbox 582 1427 682 1480; x_wconf 83' lang='lat' dir='ltr'>foedera</span> <span class='ocrx_word' id='word_1_92' title='bbox 693 1427 798 1480; x_wconf 87' lang='lat' dir='ltr'>solvere</span> <span class='ocrx_word' id='word_1_93' title='bbox 809 1427 904 1482; x_wconf 70' lang='lat' dir='ltr'>surio?</span> 
     </span>
     <span class='ocr_line' id='line_1_14' title="bbox 174 1523 921 1594; baseline 0.004 -16"><span class='ocrx_word' id='word_1_94' title='bbox 174 1525 222 1578; x_wconf 89' lang='lat' dir='ltr'>Me</span> <span class='ocrx_word' id='word_1_95' title='bbox 234 1525 299 1578; x_wconf 88' lang='lat' dir='ltr'>duce</span> <span class='ocrx_word' id='word_1_96' title='bbox 310 1564 318 1590; x_wconf 90' lang='lat'>‚</span> <span class='ocrx_word' id='word_1_97' title='bbox 329 1523 479 1578; x_wconf 83' lang='lat' dir='ltr'>Dardanius</span> <span class='ocrx_word' id='word_1_98' title='bbox 491 1525 611 1593; x_wconf 84' lang='lat' dir='ltr'>Spartam</span> <span class='ocrx_word' id='word_1_99' title='bbox 622 1524 789 1594; x_wconf 82' lang='lat' dir='ltr'>expugnavit</span> <span class='ocrx_word' id='word_1_100' title='bbox 801 1528 921 1581; x_wconf 77' lang='lat' dir='ltr'>adulteri</span> 
     </span>
     <span class='ocr_line' id='line_1_15' title="bbox 174 1619 776 1692; baseline 0.002 -18"><span class='ocrx_word' id='word_1_101' title='bbox 174 1623 228 1674; x_wconf 85' lang='lat' dir='ltr'>Aut</span> <span class='ocrx_word' id='word_1_102' title='bbox 238 1639 289 1692; x_wconf 84' lang='lat' dir='ltr'>ego</span> <span class='ocrx_word' id='word_1_103' title='bbox 299 1623 352 1674; x_wconf 87' lang='lat' dir='ltr'>tela</span> <span class='ocrx_word' id='word_1_104' title='bbox 364 1621 438 1686; x_wconf 89' lang='lat' dir='ltr'>dedi,</span> <span class='ocrx_word' id='word_1_105' title='bbox 451 1621 545 1674; x_wconf 87' lang='lat' dir='ltr'>sovive</span> <span class='ocrx_word' id='word_1_106' title='bbox 556 1619 679 1690; x_wconf 87' lang='lat' dir='ltr'>cupidine</span> <span class='ocrx_word' id='word_1_107' title='bbox 691 1622 776 1675; x_wconf 78' lang='lat' dir='ltr'>bella?</span> 
     </span>
    </p>

    <p class='ocr_par' dir='ltr' id='par_1_6' title="bbox 174 1716 840 1790">
     <span class='ocr_line' id='line_1_16' title="bbox 174 1716 840 1790; baseline -0.002 -17"><span class='ocrx_word' id='word_1_108' title='bbox 174 1721 250 1773; x_wconf 87' lang='lat' dir='ltr'>Tunc</span> <span class='ocrx_word' id='word_1_109' title='bbox 262 1718 349 1772; x_wconf 87' lang='lat' dir='ltr'>decuit</span> <span class='ocrx_word' id='word_1_110' title='bbox 361 1716 481 1771; x_wconf 85' lang='lat' dir='ltr'>metuisse</span> <span class='ocrx_word' id='word_1_111' title='bbox 491 1717 544 1770; x_wconf 82' lang='lat' dir='ltr'>tuis</span> <span class='ocrx_word' id='word_1_112' title='bbox 555 1735 562 1770; x_wconf 80' lang='lat' dir='ltr'>e</span> <span class='ocrx_word' id='word_1_113' title='bbox 574 1733 644 1770; x_wconf 89' lang='lat' dir='ltr'>nunc</span> <span class='ocrx_word' id='word_1_114' title='bbox 656 1718 712 1772; x_wconf 86' lang='lat' dir='ltr'>sera</span> <span class='ocrx_word' id='word_1_115' title='bbox 725 1718 840 1790; x_wconf 75' lang='lat' dir='ltr'>querelis</span> 
     </span>
    </p>

    <p class='ocr_par' dir='ltr' id='par_1_7' title="bbox 118 1814 884 2276">
     <span class='ocr_line' id='line_1_17' title="bbox 118 1814 800 1888; baseline 0.003 -20"><span class='ocrx_word' id='word_1_116' title='bbox 118 1835 150 1888; x_wconf 80' lang='lat'>95</span> <span class='ocrx_word' id='word_1_117' title='bbox 174 1817 252 1870; x_wconf 89' lang='lat' dir='ltr'>Haud</span> <span class='ocrx_word' id='word_1_118' title='bbox 263 1814 337 1883; x_wconf 81' lang='lat' dir='ltr'>justis</span> <span class='ocrx_word' id='word_1_119' title='bbox 349 1814 457 1887; x_wconf 78' lang='lat' dir='ltr'>assurgis</span> <span class='ocrx_word' id='word_1_120' title='bbox 471 1855 479 1880; x_wconf 85' lang='lat'><em>,</em></span> <span class='ocrx_word' id='word_1_121' title='bbox 492 1815 603 1869; x_wconf 86' lang='lat' dir='ltr'>&amp;irrita</span> <span class='ocrx_word' id='word_1_122' title='bbox 615 1814 700 1887; x_wconf 84' lang='lat' dir='ltr'>jurgia</span> <span class='ocrx_word' id='word_1_123' title='bbox 710 1814 800 1883; x_wconf 75' lang='lat' dir='ltr'>jadias.</span> 
     </span>
     <span class='ocr_line' id='line_1_18' title="bbox 173 1908 796 1984; baseline -0.003 -16"><span class='ocrx_word' id='word_1_124' title='bbox 173 1908 283 1968; x_wconf 80' lang='lat' dir='ltr'>Talibus</span> <span class='ocrx_word' id='word_1_125' title='bbox 296 1917 386 1968; x_wconf 88' lang='lat' dir='ltr'>orabat</span> <span class='ocrx_word' id='word_1_126' title='bbox 397 1915 469 1970; x_wconf 78' lang='lat' dir='ltr'>luno</span> <span class='ocrx_word' id='word_1_127' title='bbox 480 1933 488 1975; x_wconf 67' lang='grc' dir='ltr'><strong>ς</strong></span> <span class='ocrx_word' id='word_1_128' title='bbox 500 1914 640 1984; x_wconf 78' lang='lat' dir='ltr'>cundiique</span> <span class='ocrx_word' id='word_1_129' title='bbox 650 1915 796 1968; x_wconf 88' lang='lat' dir='ltr'>fremebant</span> 
     </span>
     <span class='ocr_line' id='line_1_19' title="bbox 175 2011 813 2080; baseline -0.005 -13"><span class='ocrx_word' id='word_1_130' title='bbox 175 2013 315 2067; x_wconf 80' lang='lat' dir='ltr'>Coelicolae</span> <span class='ocrx_word' id='word_1_131' title='bbox 327 2011 428 2067; x_wconf 79' lang='lat' dir='ltr'>assensu</span> <span class='ocrx_word' id='word_1_132' title='bbox 437 2013 515 2067; x_wconf 86' lang='lat' dir='ltr'>vario</span> <span class='ocrx_word' id='word_1_133' title='bbox 529 2033 536 2067; x_wconf 90' lang='lat'><strong>:</strong></span> <span class='ocrx_word' id='word_1_134' title='bbox 549 2029 598 2066; x_wconf 89' lang='lat' dir='ltr'>ceu</span> <span class='ocrx_word' id='word_1_135' title='bbox 608 2011 715 2064; x_wconf 85' lang='lat' dir='ltr'>flamina</span> <span class='ocrx_word' id='word_1_136' title='bbox 727 2011 813 2080; x_wconf 88' lang='lat' dir='ltr'>prima</span> 
     </span>
     <span class='ocr_line' id='line_1_20' title="bbox 175 2109 884 2181; baseline -0.003 -17"><span class='ocrx_word' id='word_1_137' title='bbox 175 2111 245 2164; x_wconf 80' lang='lat' dir='ltr'>Cim</span> <span class='ocrx_word' id='word_1_138' title='bbox 260 2111 386 2181; x_wconf 89' lang='lat' dir='ltr'>deprensa</span> <span class='ocrx_word' id='word_1_139' title='bbox 397 2111 513 2164; x_wconf 81' lang='lat' dir='ltr'>fremunt</span> <span class='ocrx_word' id='word_1_140' title='bbox 525 2109 625 2179; x_wconf 86' lang='lat' dir='ltr'>sylvis,</span> <span class='ocrx_word' id='word_1_141' title='bbox 643 2109 669 2162; x_wconf 78' lang='grc' dir='ltr'>δι</span> <span class='ocrx_word' id='word_1_142' title='bbox 681 2124 748 2161; x_wconf 80' lang='lat' dir='ltr'>caeca</span> <span class='ocrx_word' id='word_1_143' title='bbox 759 2110 884 2162; x_wconf 86' lang='lat' dir='ltr'>volutant</span> 
     </span>
     <span class='ocr_line' id='line_1_21' title="bbox 174 2206 845 2276; baseline 0 -16"><span class='ocrx_word' id='word_1_144' title='bbox 174 2209 331 2274; x_wconf 81' lang='lat' dir='ltr'>Murmura,</span> <span class='ocrx_word' id='word_1_145' title='bbox 345 2221 474 2261; x_wconf 84' lang='lat' dir='ltr'>venturos</span> <span class='ocrx_word' id='word_1_146' title='bbox 489 2207 576 2260; x_wconf 86' lang='lat' dir='ltr'>nautis</span> <span class='ocrx_word' id='word_1_147' title='bbox 587 2206 727 2276; x_wconf 86' lang='lat' dir='ltr'>prodentia</span> <span class='ocrx_word' id='word_1_148' title='bbox 737 2221 845 2260; x_wconf 84' lang='lat' dir='ltr'>ventos.</span> 
     </span>
    </p>

    <p class='ocr_par' dir='ltr' id='par_1_8' title="bbox 122 2301 919 2466">
     <span class='ocr_line' id='line_1_22' title="bbox 122 2301 919 2374; baseline -0.005 -12"><span class='ocrx_word' id='word_1_149' title='bbox 122 2324 174 2362; x_wconf 77' lang='lat' dir='ltr'>ico</span> <span class='ocrx_word' id='word_1_150' title='bbox 201 2307 271 2358; x_wconf 89' lang='lat' dir='ltr'>Tum</span> <span class='ocrx_word' id='word_1_151' title='bbox 279 2301 919 2374; x_wconf 76' lang='lat' dir='ltr'>Pateromnipotens,rerumcuisummapotestas,</span> 
     </span>
     <span class='ocr_line' id='line_1_23' title="bbox 174 2401 818 2466; baseline -0.002 -10"><span class='ocrx_word' id='word_1_152' title='bbox 174 2401 237 2457; x_wconf 85' lang='lat' dir='ltr'>Infit</span> <span class='ocrx_word' id='word_1_153' title='bbox 247 2421 254 2456; x_wconf 87' lang='lat' dir='ltr'>t</span> <span class='ocrx_word' id='word_1_154' title='bbox 264 2419 299 2455; x_wconf 92' lang='lat' dir='ltr'>eo</span> <span class='ocrx_word' id='word_1_155' title='bbox 309 2402 412 2455; x_wconf 86' lang='lat' dir='ltr'>dicente</span> <span class='ocrx_word' id='word_1_156' title='bbox 423 2441 430 2466; x_wconf 87' lang='lat'>‚</span> <span class='ocrx_word' id='word_1_157' title='bbox 441 2402 531 2454; x_wconf 85' lang='lat' dir='ltr'>Dellm</span> <span class='ocrx_word' id='word_1_158' title='bbox 539 2403 635 2455; x_wconf 82' lang='lat' dir='ltr'>domus</span> <span class='ocrx_word' id='word_1_159' title='bbox 645 2404 696 2455; x_wconf 88' lang='lat' dir='ltr'>alta</span> <span class='ocrx_word' id='word_1_160' title='bbox 706 2403 818 2466; x_wconf 79' lang='lat' dir='ltr'>silescit,</span> 
     </span>
    </p>

    <p class='ocr_par' dir='ltr' id='par_1_9' title="bbox 174 2499 827 2564">
     <span class='ocr_line' id='line_1_24' title="bbox 174 2499 827 2564; baseline 0.002 -12"><span class='ocrx_word' id='word_1_161' title='bbox 174 2502 206 2552; x_wconf 89' lang='lat' dir='ltr'>Et</span> <span class='ocrx_word' id='word_1_162' title='bbox 216 2500 367 2555; x_wconf 76' lang='lat' dir='ltr'>tremesadla</span> <span class='ocrx_word' id='word_1_163' title='bbox 379 2502 438 2555; x_wconf 90' lang='lat' dir='ltr'>solo</span> <span class='ocrx_word' id='word_1_164' title='bbox 450 2502 528 2553; x_wconf 86' lang='lat' dir='ltr'>tellus</span> <span class='ocrx_word' id='word_1_165' title='bbox 540 2539 547 2564; x_wconf 83' lang='lat'>,</span> <span class='ocrx_word' id='word_1_166' title='bbox 560 2499 617 2554; x_wconf 79' lang='lat' dir='ltr'>silet</span> <span class='ocrx_word' id='word_1_167' title='bbox 627 2503 721 2554; x_wconf 85' lang='lat' dir='ltr'>arduus</span> <span class='ocrx_word' id='word_1_168' title='bbox 731 2503 827 2554; x_wconf 71' lang='lat' dir='ltr'>ather:</span> 
     </span>
    </p>

    <p class='ocr_par' dir='ltr' id='par_1_10' title="bbox 174 2597 919 2670">
     <span class='ocr_line' id='line_1_25' title="bbox 174 2597 919 2670; baseline 0.004 -20"><span class='ocrx_word' id='word_1_169' title='bbox 174 2599 245 2651; x_wconf 87' lang='lat' dir='ltr'>Tum</span> <span class='ocrx_word' id='word_1_170' title='bbox 251 2599 363 2670; x_wconf 84' lang='lat' dir='ltr'>zephyri</span> <span class='ocrx_word' id='word_1_171' title='bbox 368 2597 693 2668; x_wconf 86' lang='lat' dir='ltr'>posuere‚premitplacida</span> <span class='ocrx_word' id='word_1_172' title='bbox 699 2613 919 2667; x_wconf 81' lang='lat' dir='ltr'>aequorapontus.</span> 
     </span>
    </p>

    <p class='ocr_par' dir='ltr' id='par_1_11' title="bbox 122 2691 919 2868">
     <span class='ocr_line' id='line_1_26' title="bbox 175 2691 902 2766; baseline 0 -17"><span class='ocrx_word' id='word_1_173' title='bbox 175 2695 295 2764; x_wconf 83' lang='lat' dir='ltr'>Accipite</span> <span class='ocrx_word' id='word_1_174' title='bbox 307 2712 372 2766; x_wconf 83' lang='lat' dir='ltr'>ergo</span> <span class='ocrx_word' id='word_1_175' title='bbox 383 2694 497 2757; x_wconf 79' lang='lat' dir='ltr'>animis,</span> <span class='ocrx_word' id='word_1_176' title='bbox 510 2709 588 2764; x_wconf 83' lang='lat' dir='ltr'>atque</span> <span class='ocrx_word' id='word_1_177' title='bbox 600 2695 656 2747; x_wconf 80' lang='lat' dir='ltr'>lraec</span> <span class='ocrx_word' id='word_1_178' title='bbox 668 2710 726 2749; x_wconf 90' lang='lat' dir='ltr'>mea</span> <span class='ocrx_word' id='word_1_179' title='bbox 736 2691 811 2764; x_wconf 82' lang='lat' dir='ltr'>figite</span> <span class='ocrx_word' id='word_1_180' title='bbox 821 2692 902 2752; x_wconf 72' lang='lat' dir='ltr'>aicta.</span> 
     </span>
     <span class='ocr_line' id='line_1_27' title="bbox 122 2790 919 2868; baseline 0.001 -21"><span class='ocrx_word' id='word_1_181' title='bbox 122 2816 170 2868; x_wconf 84' lang='lat'>¹05</span> <span class='ocrx_word' id='word_1_182' title='bbox 181 2793 403 2862; x_wconf 83' lang='lat' dir='ltr'>Quandoquidem</span> <span class='ocrx_word' id='word_1_183' title='bbox 414 2791 550 2846; x_wconf 79' lang='lat' dir='ltr'>Ausonios</span> <span class='ocrx_word' id='word_1_184' title='bbox 561 2790 689 2863; x_wconf 82' lang='lat' dir='ltr'>conjungi</span> <span class='ocrx_word' id='word_1_185' title='bbox 698 2793 799 2850; x_wconf 85' lang='lat' dir='ltr'>foedere</span> <span class='ocrx_word' id='word_1_186' title='bbox 808 2790 919 2848; x_wconf 74' lang='lat' dir='ltr'>Teucris</span> 
     </span>
    </p>

    <p class='ocr_par' dir='ltr' id='par_1_12' title="bbox 176 2888 869 2961">
     <span class='ocr_line' id='line_1_28' title="bbox 176 2888 869 2961; baseline -0.004 -15"><span class='ocrx_word' id='word_1_187' title='bbox 176 2892 252 2948; x_wconf 83' lang='lat' dir='ltr'>Haud</span> <span class='ocrx_word' id='word_1_188' title='bbox 259 2889 363 2947; x_wconf 85' lang='lat' dir='ltr'>licitum</span> <span class='ocrx_word' id='word_1_189' title='bbox 374 2929 382 2956; x_wconf 86' lang='lat'>‚</span> <span class='ocrx_word' id='word_1_190' title='bbox 394 2906 443 2944; x_wconf 90' lang='lat' dir='ltr'>nec</span> <span class='ocrx_word' id='word_1_191' title='bbox 453 2888 539 2946; x_wconf 84' lang='lat' dir='ltr'>vestra</span> <span class='ocrx_word' id='word_1_192' title='bbox 550 2889 621 2961; x_wconf 87' lang='lat' dir='ltr'>capit</span> <span class='ocrx_word' id='word_1_193' title='bbox 632 2888 761 2948; x_wconf 86' lang='lat' dir='ltr'>discordia</span> <span class='ocrx_word' id='word_1_194' title='bbox 771 2888 869 2952; x_wconf 70' lang='lat' dir='ltr'>flecma</span> 
     </span>
    </p>
   </div>
   <div class='ocr_carea' id='block_1_3' title="bbox 0 0 1022 3476">
    <p class='ocr_par' dir='ltr' id='par_1_13' title="bbox 0 0 1022 3476">
     <span class='ocr_line' id='line_1_29' title="bbox 0 0 1022 3476; baseline 0 0"><span class='ocrx_word' id='word_1_195' title='bbox 0 0 1022 3476; x_wconf 95' lang='lat' dir='ltr'> </span> 
     </span>
    </p>
   </div>
  </div>
 </body>
</html>
