<?xml version="1.0" encoding="UTF-8"?>
<!DOCTYPE html PUBLIC "-//W3C//DTD XHTML 1.0 Transitional//EN"
    "http://www.w3.org/TR/xhtml1/DTD/xhtml1-transitional.dtd">
<html xmlns="http://www.w3.org/1999/xhtml" xml:lang="en" lang="en">
 <head>
  <title>
</title>
<meta http-equiv="Content-Type" content="text/html;charset=utf-8" />
  <meta name='ocr-system' content='tesseract 3.04.00' />
  <meta name='ocr-capabilities' content='ocr_page ocr_carea ocr_par ocr_line ocrx_word'/>
</head>
<body>
  <div class='ocr_page' id='page_1' title='image "./publiivirgiliim01cappgoog_0208.png"; bbox 0 0 2036 3480; ppageno 0'>
   <div class='ocr_carea' id='block_1_1' title="bbox 268 133 820 280">
    <p class='ocr_par' dir='ltr' id='par_1_1' title="bbox 268 133 820 280">
     <span class='ocr_line' id='line_1_1' title="bbox 268 133 820 280; baseline 0.011 -32"><span class='ocrx_word' id='word_1_1' title='bbox 268 165 509 250; x_wconf 74' lang='lat' dir='ltr'>Lrnn&#39;n</span> <span class='ocrx_word' id='word_1_2' title='bbox 557 165 680 253; x_wconf 84' lang='lat' dir='ltr'><em>XII.</em></span> <span class='ocrx_word' id='word_1_3' title='bbox 721 133 820 280; x_wconf 26' lang='lat'>&#39;191</span> 
     </span>
    </p>
   </div>
   <div class='ocr_carea' id='block_1_2' title="bbox 29 331 893 2940">
    <p class='ocr_par' dir='ltr' id='par_1_2' title="bbox 29 331 893 2940">
     <span class='ocr_line' id='line_1_2' title="bbox 113 331 695 399; baseline -0.002 -10"><span class='ocrx_word' id='word_1_4' title='bbox 113 332 283 392; x_wconf 80' lang='lat' dir='ltr'>Accidithaec</span> <span class='ocrx_word' id='word_1_5' title='bbox 292 331 361 386; x_wconf 83' lang='lat' dir='ltr'>feffis</span> <span class='ocrx_word' id='word_1_6' title='bbox 370 333 451 386; x_wconf 85' lang='lat' dir='ltr'>etiam</span> <span class='ocrx_word' id='word_1_7' title='bbox 461 333 567 386; x_wconf 82' lang='lat' dir='ltr'>fortuna</span> <span class='ocrx_word' id='word_1_8' title='bbox 576 333 695 399; x_wconf 79' lang='lat' dir='ltr'>Latinis,</span> 
     </span>
     <span class='ocr_line' id='line_1_3' title="bbox 78 429 700 502; baseline 0 -16"><span class='ocrx_word' id='word_1_9' title='bbox 78 436 147 502; x_wconf 79' lang='lat' dir='ltr'>Quae</span> <span class='ocrx_word' id='word_1_10' title='bbox 157 446 243 486; x_wconf 89' lang='lat' dir='ltr'>totam</span> <span class='ocrx_word' id='word_1_11' title='bbox 253 431 325 484; x_wconf 71' lang='lat' dir='ltr'>ludu</span> <span class='ocrx_word' id='word_1_12' title='bbox 334 429 461 484; x_wconf 77' lang='lat' dir='ltr'>concussit</span> <span class='ocrx_word' id='word_1_13' title='bbox 470 430 588 484; x_wconf 84' lang='lat' dir='ltr'>funditus</span> <span class='ocrx_word' id='word_1_14' title='bbox 597 433 700 486; x_wconf 86' lang='lat' dir='ltr'>urbem.</span> 
     </span>
     <span class='ocr_line' id='line_1_4' title="bbox 79 527 881 603; baseline -0.007 -18"><span class='ocrx_word' id='word_1_15' title='bbox 79 531 183 603; x_wconf 84' lang='lat' dir='ltr'>Regina</span> <span class='ocrx_word' id='word_1_16' title='bbox 194 545 224 582; x_wconf 90' lang='lat' dir='ltr'>ut</span> <span class='ocrx_word' id='word_1_17' title='bbox 236 527 313 582; x_wconf 75' lang='lat' dir='ltr'>tediis</span> <span class='ocrx_word' id='word_1_18' title='bbox 323 527 478 582; x_wconf 87' lang='lat' dir='ltr'>venientem</span> <span class='ocrx_word' id='word_1_19' title='bbox 488 528 617 598; x_wconf 85' lang='lat' dir='ltr'>prospicit</span> <span class='ocrx_word' id='word_1_20' title='bbox 626 528 747 595; x_wconf 87' lang='lat' dir='ltr'>hostem,</span> <span class='ocrx_word' id='word_1_21' title='bbox 834 535 881 592; x_wconf 78' lang='lat'>595</span> 
     </span>
     <span class='ocr_line' id='line_1_5' title="bbox 81 625 628 698; baseline -0.002 -17"><span class='ocrx_word' id='word_1_22' title='bbox 81 626 173 681; x_wconf 85' lang='lat' dir='ltr'>Incessr</span> <span class='ocrx_word' id='word_1_23' title='bbox 183 644 274 680; x_wconf 87' lang='lat' dir='ltr'>muros</span> <span class='ocrx_word' id='word_1_24' title='bbox 286 665 293 691; x_wconf 88' lang='lat'>,</span> <span class='ocrx_word' id='word_1_25' title='bbox 306 626 382 698; x_wconf 87' lang='lat' dir='ltr'>ignes</span> <span class='ocrx_word' id='word_1_26' title='bbox 394 629 425 680; x_wconf 92' lang='lat' dir='ltr'>ad</span> <span class='ocrx_word' id='word_1_27' title='bbox 437 625 505 679; x_wconf 74' lang='lat' dir='ltr'>tedia</span> <span class='ocrx_word' id='word_1_28' title='bbox 518 629 628 687; x_wconf 72' lang='lat' dir='ltr'>volaret</span> 
     </span>
     <span class='ocr_line' id='line_1_6' title="bbox 29 723 828 796; baseline 0.011 -24"><span class='ocrx_word' id='word_1_29' title='bbox 29 767 31 772; x_wconf 81' lang='grc'>,</span> <span class='ocrx_word' id='word_1_30' title='bbox 82 723 828 796; x_wconf 77' lang='lat' dir='ltr'>Nusquamaciescontrdllutulas,nullaagminal&#39;utnir</span> 
     </span>
     <span class='ocr_line' id='line_1_7' title="bbox 81 822 882 896; baseline 0.004 -21"><span class='ocrx_word' id='word_1_31' title='bbox 81 822 180 875; x_wconf 78' lang='lat' dir='ltr'>Infelix</span> <span class='ocrx_word' id='word_1_32' title='bbox 189 839 285 894; x_wconf 82' lang='lat' dir='ltr'>pugnae</span> <span class='ocrx_word' id='word_1_33' title='bbox 296 822 424 891; x_wconf 85' lang='lat' dir='ltr'>juvenem</span> <span class='ocrx_word' id='word_1_34' title='bbox 436 823 466 874; x_wconf 92' lang='lat' dir='ltr'>in</span> <span class='ocrx_word' id='word_1_35' title='bbox 477 822 620 876; x_wconf 86' lang='lat' dir='ltr'>certamine</span> <span class='ocrx_word' id='word_1_36' title='bbox 630 823 713 877; x_wconf 86' lang='lat' dir='ltr'>credit</span> <span class='ocrx_word' id='word_1_37' title='bbox 879 889 882 896; x_wconf 38' lang='grc'><strong>,</strong></span> 
     </span>
     <span class='ocr_line' id='line_1_8' title="bbox 82 918 836 987; baseline 0.004 -15"><span class='ocrx_word' id='word_1_38' title='bbox 82 918 248 972; x_wconf 72' lang='lat' dir='ltr'>Exstindium</span> <span class='ocrx_word' id='word_1_39' title='bbox 258 937 266 979; x_wconf 89' lang='lat'>;</span> <span class='ocrx_word' id='word_1_40' title='bbox 280 921 321 984; x_wconf 72' lang='grc' dir='ltr'>ἃ,</span> <span class='ocrx_word' id='word_1_41' title='bbox 331 919 419 974; x_wconf 91' lang='lat' dir='ltr'>subito</span> <span class='ocrx_word' id='word_1_42' title='bbox 429 935 548 974; x_wconf 88' lang='lat' dir='ltr'>merrtem</span> <span class='ocrx_word' id='word_1_43' title='bbox 557 922 659 974; x_wconf 85' lang='lat' dir='ltr'>turbata</span> <span class='ocrx_word' id='word_1_44' title='bbox 668 924 777 987; x_wconf 87' lang='lat' dir='ltr'>dolore,</span> <span class='ocrx_word' id='word_1_45' title='bbox 832 945 836 949; x_wconf 95' lang='lat'><em>·</em></span> 
     </span>
     <span class='ocr_line' id='line_1_9' title="bbox 82 1012 888 1094; baseline 0.009 -25"><span class='ocrx_word' id='word_1_46' title='bbox 82 1018 119 1070; x_wconf 87' lang='lat' dir='ltr'>Se</span> <span class='ocrx_word' id='word_1_47' title='bbox 129 1016 232 1094; x_wconf 83' lang='lat' dir='ltr'>causam</span> <span class='ocrx_word' id='word_1_48' title='bbox 242 1019 336 1073; x_wconf 84' lang='lat' dir='ltr'>clamat</span> <span class='ocrx_word' id='word_1_49' title='bbox 345 1017 499 1088; x_wconf 82' lang='lat' dir='ltr'>crimenque</span> <span class='ocrx_word' id='word_1_50' title='bbox 508 1033 638 1088; x_wconf 82' lang='lat' dir='ltr'>caputque</span> <span class='ocrx_word' id='word_1_51' title='bbox 647 1021 793 1076; x_wconf 85' lang='lat' dir='ltr'>malorum:</span> <span class='ocrx_word' id='word_1_52' title='bbox 833 1012 888 1066; x_wconf 81' lang='lat'>⁶00</span> 
     </span>
     <span class='ocr_line' id='line_1_10' title="bbox 83 1114 767 1184; baseline 0.007 -19"><span class='ocrx_word' id='word_1_53' title='bbox 83 1114 225 1184; x_wconf 76' lang='lat' dir='ltr'>lllultaque</span> <span class='ocrx_word' id='word_1_54' title='bbox 235 1132 283 1184; x_wconf 85' lang='lat' dir='ltr'>per</span> <span class='ocrx_word' id='word_1_55' title='bbox 292 1115 412 1170; x_wconf 85' lang='lat' dir='ltr'>moestum</span> <span class='ocrx_word' id='word_1_56' title='bbox 421 1117 530 1170; x_wconf 87' lang='lat' dir='ltr'>demens</span> <span class='ocrx_word' id='word_1_57' title='bbox 542 1115 620 1170; x_wconf 87' lang='lat' dir='ltr'>effata</span> <span class='ocrx_word' id='word_1_58' title='bbox 631 1118 767 1184; x_wconf 82' lang='lat' dir='ltr'>furorem,</span> 
     </span>
     <span class='ocr_line' id='line_1_11' title="bbox 84 1212 741 1282; baseline 0.006 -18"><span class='ocrx_word' id='word_1_59' title='bbox 84 1212 236 1280; x_wconf 83' lang='lat' dir='ltr'>Purpureos</span> <span class='ocrx_word' id='word_1_60' title='bbox 248 1212 378 1266; x_wconf 85' lang='lat' dir='ltr'>moritura</span> <span class='ocrx_word' id='word_1_61' title='bbox 390 1231 470 1268; x_wconf 87' lang='lat' dir='ltr'>manu</span> <span class='ocrx_word' id='word_1_62' title='bbox 480 1214 602 1268; x_wconf 85' lang='lat' dir='ltr'>discindit</span> <span class='ocrx_word' id='word_1_63' title='bbox 612 1215 741 1282; x_wconf 73' lang='lat' dir='ltr'>antidius,</span> 
     </span>
     <span class='ocr_line' id='line_1_12' title="bbox 85 1309 723 1368; baseline 0.011 -7"><span class='ocrx_word' id='word_1_64' title='bbox 85 1311 119 1362; x_wconf 90' lang='lat' dir='ltr'>Et</span> <span class='ocrx_word' id='word_1_65' title='bbox 129 1311 229 1362; x_wconf 85' lang='lat' dir='ltr'>nodum</span> <span class='ocrx_word' id='word_1_66' title='bbox 239 1309 362 1364; x_wconf 83' lang='lat' dir='ltr'>informis</span> <span class='ocrx_word' id='word_1_67' title='bbox 372 1311 438 1365; x_wconf 87' lang='lat' dir='ltr'>lethi</span> <span class='ocrx_word' id='word_1_68' title='bbox 448 1313 519 1366; x_wconf 86' lang='lat' dir='ltr'>trahe</span> <span class='ocrx_word' id='word_1_69' title='bbox 529 1313 612 1366; x_wconf 71' lang='lat' dir='ltr'>nediit</span> <span class='ocrx_word' id='word_1_70' title='bbox 621 1316 653 1366; x_wconf 88' lang='lat' dir='ltr'>ab</span> <span class='ocrx_word' id='word_1_71' title='bbox 662 1316 723 1368; x_wconf 87' lang='lat' dir='ltr'>alta.</span> 
     </span>
     <span class='ocr_line' id='line_1_13' title="bbox 86 1407 811 1480; baseline 0.008 -22"><span class='ocrx_word' id='word_1_72' title='bbox 86 1407 175 1473; x_wconf 80' lang='lat' dir='ltr'>Quam</span> <span class='ocrx_word' id='word_1_73' title='bbox 185 1409 285 1460; x_wconf 84' lang='lat' dir='ltr'>cladem</span> <span class='ocrx_word' id='word_1_74' title='bbox 295 1408 396 1462; x_wconf 83' lang='lat' dir='ltr'>miserae</span> <span class='ocrx_word' id='word_1_75' title='bbox 405 1408 545 1479; x_wconf 86' lang='lat' dir='ltr'>postquam</span> <span class='ocrx_word' id='word_1_76' title='bbox 557 1427 681 1480; x_wconf 82' lang='lat' dir='ltr'>accepere</span> <span class='ocrx_word' id='word_1_77' title='bbox 694 1410 811 1476; x_wconf 66' lang='lat' dir='ltr'>Latine,</span> 
     </span>
     <span class='ocr_line' id='line_1_14' title="bbox 86 1501 886 1576; baseline 0.008 -18"><span class='ocrx_word' id='word_1_78' title='bbox 86 1504 154 1559; x_wconf 87' lang='lat' dir='ltr'>Filia</span> <span class='ocrx_word' id='word_1_79' title='bbox 165 1505 251 1574; x_wconf 84' lang='lat' dir='ltr'>prima</span> <span class='ocrx_word' id='word_1_80' title='bbox 262 1523 342 1562; x_wconf 75' lang='lat' dir='ltr'>manu</span> <span class='ocrx_word' id='word_1_81' title='bbox 352 1506 439 1562; x_wconf 79' lang='lat' dir='ltr'>flavos</span> <span class='ocrx_word' id='word_1_82' title='bbox 452 1508 564 1562; x_wconf 84' lang='lat' dir='ltr'>Lavinia</span> <span class='ocrx_word' id='word_1_83' title='bbox 575 1509 660 1568; x_wconf 80' lang='lat' dir='ltr'>crines</span> <span class='ocrx_word' id='word_1_84' title='bbox 739 1571 741 1576; x_wconf 15' lang='lat' dir='ltr'>y</span> <span class='ocrx_word' id='word_1_85' title='bbox 835 1501 886 1568; x_wconf 82' lang='lat'>⁶05</span> 
     </span>
     <span class='ocr_line' id='line_1_15' title="bbox 64 1601 715 1680; baseline 0.012 -28"><span class='ocrx_word' id='word_1_86' title='bbox 64 1614 69 1628; x_wconf 92' lang='lat'><strong>·</strong></span> <span class='ocrx_word' id='word_1_87' title='bbox 87 1602 121 1653; x_wconf 89' lang='lat' dir='ltr'>Et</span> <span class='ocrx_word' id='word_1_88' title='bbox 131 1601 219 1680; x_wconf 74' lang='lat' dir='ltr'>roseas</span> <span class='ocrx_word' id='word_1_89' title='bbox 230 1601 326 1656; x_wconf 86' lang='lat' dir='ltr'>laniata</span> <span class='ocrx_word' id='word_1_90' title='bbox 336 1620 415 1674; x_wconf 84' lang='lat' dir='ltr'>genas</span> <span class='ocrx_word' id='word_1_91' title='bbox 425 1623 434 1664; x_wconf 89' lang='lat'>·,</span> <span class='ocrx_word' id='word_1_92' title='bbox 449 1619 507 1658; x_wconf 92' lang='lat' dir='ltr'>tum</span> <span class='ocrx_word' id='word_1_93' title='bbox 518 1621 605 1659; x_wconf 87' lang='lat' dir='ltr'>cetera</span> <span class='ocrx_word' id='word_1_94' title='bbox 617 1606 715 1660; x_wconf 76' lang='lat' dir='ltr'>dircdm</span> 
     </span>
     <span class='ocr_line' id='line_1_16' title="bbox 89 1698 745 1774; baseline 0.014 -24"><span class='ocrx_word' id='word_1_95' title='bbox 89 1698 177 1752; x_wconf 85' lang='lat' dir='ltr'>Turba</span> <span class='ocrx_word' id='word_1_96' title='bbox 185 1698 249 1753; x_wconf 84' lang='lat' dir='ltr'>furit</span> <span class='ocrx_word' id='word_1_97' title='bbox 259 1718 266 1754; x_wconf 80' lang='lat' dir='ltr'>t</span> <span class='ocrx_word' id='word_1_98' title='bbox 277 1700 401 1756; x_wconf 85' lang='lat' dir='ltr'>resonant</span> <span class='ocrx_word' id='word_1_99' title='bbox 411 1701 465 1756; x_wconf 80' lang='lat' dir='ltr'>lat&#39;e</span> <span class='ocrx_word' id='word_1_100' title='bbox 474 1703 646 1774; x_wconf 82' lang='lat' dir='ltr'>plangoribus</span> <span class='ocrx_word' id='word_1_101' title='bbox 659 1706 745 1759; x_wconf 78' lang='lat' dir='ltr'>aedes:</span> 
     </span>
     <span class='ocr_line' id='line_1_17' title="bbox 90 1797 742 1870; baseline 0.012 -22"><span class='ocrx_word' id='word_1_102' title='bbox 90 1797 160 1849; x_wconf 84' lang='lat' dir='ltr'>llinc</span> <span class='ocrx_word' id='word_1_103' title='bbox 171 1810 255 1850; x_wconf 91' lang='lat' dir='ltr'>totam</span> <span class='ocrx_word' id='word_1_104' title='bbox 266 1798 361 1852; x_wconf 81' lang='lat' dir='ltr'>infelix</span> <span class='ocrx_word' id='word_1_105' title='bbox 370 1802 494 1870; x_wconf 85' lang='lat' dir='ltr'>vulgatur</span> <span class='ocrx_word' id='word_1_106' title='bbox 503 1801 573 1854; x_wconf 87' lang='lat' dir='ltr'>sama</span> <span class='ocrx_word' id='word_1_107' title='bbox 584 1817 631 1870; x_wconf 89' lang='lat' dir='ltr'>per</span> <span class='ocrx_word' id='word_1_108' title='bbox 640 1803 742 1856; x_wconf 88' lang='lat' dir='ltr'>uthent.</span> 
     </span>
     <span class='ocr_line' id='line_1_18' title="bbox 89 1894 725 1963; baseline 0.009 -17"><span class='ocrx_word' id='word_1_109' title='bbox 89 1894 243 1948; x_wconf 77' lang='lat' dir='ltr'>Demittunt</span> <span class='ocrx_word' id='word_1_110' title='bbox 255 1909 358 1948; x_wconf 84' lang='lat' dir='ltr'>mentes</span> <span class='ocrx_word' id='word_1_111' title='bbox 370 1915 377 1948; x_wconf 82' lang='lat' dir='ltr'>t</span> <span class='ocrx_word' id='word_1_112' title='bbox 390 1897 412 1948; x_wconf 93' lang='lat' dir='ltr'>it</span> <span class='ocrx_word' id='word_1_113' title='bbox 424 1896 502 1950; x_wconf 76' lang='lat' dir='ltr'>scissd</span> <span class='ocrx_word' id='word_1_114' title='bbox 513 1897 584 1950; x_wconf 84' lang='lat' dir='ltr'>veste</span> <span class='ocrx_word' id='word_1_115' title='bbox 597 1899 725 1963; x_wconf 85' lang='lat' dir='ltr'>Latinus,</span> 
     </span>
     <span class='ocr_line' id='line_1_19' title="bbox 91 1989 893 2062; baseline -0.001 -18"><span class='ocrx_word' id='word_1_116' title='bbox 91 1989 222 2062; x_wconf 77' lang='lat' dir='ltr'>Coniugis</span> <span class='ocrx_word' id='word_1_117' title='bbox 232 1989 362 2045; x_wconf 86' lang='lat' dir='ltr'>attonitus</span> <span class='ocrx_word' id='word_1_118' title='bbox 373 1990 587 2060; x_wconf 83' lang='lat' dir='ltr'>satis,urhisque</span> <span class='ocrx_word' id='word_1_119' title='bbox 597 1994 691 2058; x_wconf 73' lang='lat' dir='ltr'>mind,</span> <span class='ocrx_word' id='word_1_120' title='bbox 838 1990 893 2044; x_wconf 79' lang='lat'>610</span> 
     </span>
     <span class='ocr_line' id='line_1_20' title="bbox 92 2079 873 2168; baseline 0.008 -30"><span class='ocrx_word' id='word_1_121' title='bbox 92 2086 224 2140; x_wconf 84' lang='lat' dir='ltr'>Canitiem</span> <span class='ocrx_word' id='word_1_122' title='bbox 234 2085 373 2139; x_wconf 89' lang='lat' dir='ltr'>immundo</span> <span class='ocrx_word' id='word_1_123' title='bbox 383 2085 514 2156; x_wconf 64' lang='lat' dir='ltr'>perfidam</span> <span class='ocrx_word' id='word_1_124' title='bbox 524 2090 634 2168; x_wconf 66' lang='lat' dir='ltr'>pulvere</span> <span class='ocrx_word' id='word_1_125' title='bbox 644 2097 751 2158; x_wconf 80' lang='lat' dir='ltr'>turpans</span> <span class='ocrx_word' id='word_1_126' title='bbox 763 2109 770 2144; x_wconf 90' lang='lat'>:</span> <span class='ocrx_word' id='word_1_127' title='bbox 863 2079 873 2100; x_wconf 70' lang='lat'><strong>⁴</strong></span> 
     </span>
     <span class='ocr_line' id='line_1_21' title="bbox 91 2181 750 2254; baseline 0.005 -19"><span class='ocrx_word' id='word_1_128' title='bbox 91 2183 230 2254; x_wconf 73' lang='lat' dir='ltr'>Multaque</span> <span class='ocrx_word' id='word_1_129' title='bbox 243 2183 270 2236; x_wconf 89' lang='lat' dir='ltr'>se</span> <span class='ocrx_word' id='word_1_130' title='bbox 282 2181 383 2236; x_wconf 84' lang='lat' dir='ltr'>incusat</span> <span class='ocrx_word' id='word_1_131' title='bbox 395 2221 403 2246; x_wconf 85' lang='lat'>‚</span> <span class='ocrx_word' id='word_1_132' title='bbox 420 2181 466 2250; x_wconf 87' lang='lat' dir='ltr'>qui</span> <span class='ocrx_word' id='word_1_133' title='bbox 479 2199 536 2236; x_wconf 92' lang='lat' dir='ltr'>non</span> <span class='ocrx_word' id='word_1_134' title='bbox 547 2184 677 2252; x_wconf 85' lang='lat' dir='ltr'>acceperit</span> <span class='ocrx_word' id='word_1_135' title='bbox 689 2186 750 2238; x_wconf 78' lang='lat' dir='ltr'>ant&#39;e</span> 
     </span>
     <span class='ocr_line' id='line_1_22' title="bbox 91 2279 812 2352; baseline 0.011 -20"><span class='ocrx_word' id='word_1_136' title='bbox 91 2281 255 2336; x_wconf 84' lang='lat' dir='ltr'>Dardanium</span> <span class='ocrx_word' id='word_1_137' title='bbox 265 2279 380 2345; x_wconf 71' lang='lat' dir='ltr'>AEnmn,</span> <span class='ocrx_word' id='word_1_138' title='bbox 394 2296 572 2352; x_wconf 83' lang='lat' dir='ltr'>generumque</span> <span class='ocrx_word' id='word_1_139' title='bbox 582 2279 721 2334; x_wconf 83' lang='lat' dir='ltr'>adsciverit</span> <span class='ocrx_word' id='word_1_140' title='bbox 730 2285 812 2340; x_wconf 88' lang='lat' dir='ltr'>ultro.</span> 
     </span>
     <span class='ocr_line' id='line_1_23' title="bbox 128 2378 764 2448; baseline 0 -16"><span class='ocrx_word' id='word_1_141' title='bbox 128 2382 231 2432; x_wconf 87' lang='lat' dir='ltr'>Interea</span> <span class='ocrx_word' id='word_1_142' title='bbox 242 2395 364 2440; x_wconf 74' lang='lat' dir='ltr'>extremo</span> <span class='ocrx_word' id='word_1_143' title='bbox 375 2380 488 2431; x_wconf 84' lang='lat' dir='ltr'>bellator</span> <span class='ocrx_word' id='word_1_144' title='bbox 499 2378 529 2430; x_wconf 92' lang='lat' dir='ltr'>in</span> <span class='ocrx_word' id='word_1_145' title='bbox 539 2395 647 2448; x_wconf 79' lang='lat' dir='ltr'>aequore</span> <span class='ocrx_word' id='word_1_146' title='bbox 658 2379 764 2432; x_wconf 85' lang='lat' dir='ltr'>Turnus</span> 
     </span>
     <span class='ocr_line' id='line_1_24' title="bbox 92 2472 891 2553; baseline 0.001 -27"><span class='ocrx_word' id='word_1_147' title='bbox 92 2475 212 2528; x_wconf 84' lang='lat' dir='ltr'>Palantes</span> <span class='ocrx_word' id='word_1_148' title='bbox 221 2473 339 2544; x_wconf 85' lang='lat' dir='ltr'>sequitur</span> <span class='ocrx_word' id='word_1_149' title='bbox 348 2490 466 2542; x_wconf 84' lang='lat' dir='ltr'>paucos,</span> <span class='ocrx_word' id='word_1_150' title='bbox 482 2473 537 2542; x_wconf 79' lang='lat' dir='ltr'>jam</span> <span class='ocrx_word' id='word_1_151' title='bbox 549 2472 673 2553; x_wconf 79' lang='lat' dir='ltr'>segnior,</span> <span class='ocrx_word' id='word_1_152' title='bbox 690 2489 770 2544; x_wconf 88' lang='lat' dir='ltr'>atque</span> <span class='ocrx_word' id='word_1_153' title='bbox 840 2476 891 2545; x_wconf 84' lang='lat'>615</span> 
     </span>
     <span class='ocr_line' id='line_1_25' title="bbox 92 2568 792 2642; baseline 0.004 -17"><span class='ocrx_word' id='word_1_154' title='bbox 92 2573 107 2625; x_wconf 83' lang='lat' dir='ltr'>J</span> <span class='ocrx_word' id='word_1_155' title='bbox 110 2588 152 2623; x_wconf 87' lang='lat' dir='ltr'>am</span> <span class='ocrx_word' id='word_1_156' title='bbox 161 2571 247 2626; x_wconf 84' lang='lat' dir='ltr'>mimis</span> <span class='ocrx_word' id='word_1_157' title='bbox 256 2585 335 2642; x_wconf 86' lang='lat' dir='ltr'>atque</span> <span class='ocrx_word' id='word_1_158' title='bbox 344 2570 432 2624; x_wconf 87' lang='lat' dir='ltr'>mimis</span> <span class='ocrx_word' id='word_1_159' title='bbox 443 2568 557 2623; x_wconf 85' lang='lat' dir='ltr'>succeffu</span> <span class='ocrx_word' id='word_1_160' title='bbox 565 2572 641 2624; x_wconf 83' lang='lat' dir='ltr'>laetus</span> <span class='ocrx_word' id='word_1_161' title='bbox 652 2588 792 2642; x_wconf 86' lang='lat' dir='ltr'>equorum.</span> 
     </span>
     <span class='ocr_line' id='line_1_26' title="bbox 92 2666 691 2746; baseline 0.008 -26"><span class='ocrx_word' id='word_1_162' title='bbox 92 2666 190 2720; x_wconf 80' lang='lat' dir='ltr'>Attulit</span> <span class='ocrx_word' id='word_1_163' title='bbox 198 2667 267 2720; x_wconf 87' lang='lat' dir='ltr'>hunc</span> <span class='ocrx_word' id='word_1_164' title='bbox 278 2667 319 2724; x_wconf 82' lang='lat' dir='ltr'>illi</span> <span class='ocrx_word' id='word_1_165' title='bbox 331 2668 407 2724; x_wconf 68' lang='lat' dir='ltr'>cecis</span> <span class='ocrx_word' id='word_1_166' title='bbox 417 2667 561 2722; x_wconf 87' lang='lat' dir='ltr'>tertoribus</span> <span class='ocrx_word' id='word_1_167' title='bbox 573 2685 636 2725; x_wconf 82' lang='lat' dir='ltr'>aura</span> <span class='ocrx_word' id='word_1_168' title='bbox 689 2739 691 2746; x_wconf 33' lang='grc' dir='ltr'>Ι</span> 
     </span>
     <span class='ocr_line' id='line_1_27' title="bbox 95 2764 838 2838; baseline 0.009 -20"><span class='ocrx_word' id='word_1_169' title='bbox 95 2765 281 2818; x_wconf 82' lang='lat' dir='ltr'>Commixtum</span> <span class='ocrx_word' id='word_1_170' title='bbox 292 2767 454 2830; x_wconf 75' lang='lat' dir='ltr'>clamorem,</span> <span class='ocrx_word' id='word_1_171' title='bbox 468 2765 633 2838; x_wconf 72' lang='lat' dir='ltr'>artestasque</span> <span class='ocrx_word' id='word_1_172' title='bbox 644 2764 753 2838; x_wconf 86' lang='lat' dir='ltr'>impulit</span> <span class='ocrx_word' id='word_1_173' title='bbox 762 2786 838 2825; x_wconf 79' lang='lat' dir='ltr'>tutes</span> 
     </span>
     <span class='ocr_line' id='line_1_28' title="bbox 95 2861 740 2940; baseline 0.006 -22"><span class='ocrx_word' id='word_1_174' title='bbox 95 2861 218 2918; x_wconf 76' lang='lat' dir='ltr'>Consusae</span> <span class='ocrx_word' id='word_1_175' title='bbox 234 2861 316 2916; x_wconf 82' lang='lat' dir='ltr'>sonus</span> <span class='ocrx_word' id='word_1_176' title='bbox 324 2861 395 2940; x_wconf 79' lang='lat' dir='ltr'>urbis</span> <span class='ocrx_word' id='word_1_177' title='bbox 408 2900 417 2930; x_wconf 80' lang='lat'>,</span> <span class='ocrx_word' id='word_1_178' title='bbox 432 2863 600 2926; x_wconf 79' lang='lat' dir='ltr'>&amp;illaetabile</span> <span class='ocrx_word' id='word_1_179' title='bbox 611 2881 740 2922; x_wconf 83' lang='lat' dir='ltr'>murmur.</span> 
     </span>
    </p>
   </div>
   <div class='ocr_carea' id='block_1_3' title="bbox 0 0 1046 3480">
    <p class='ocr_par' dir='ltr' id='par_1_3' title="bbox 0 0 1046 3480">
     <span class='ocr_line' id='line_1_29' title="bbox 0 0 1046 3480; baseline 0 0"><span class='ocrx_word' id='word_1_180' title='bbox 0 0 1046 3480; x_wconf 95' lang='lat' dir='ltr'> </span> 
     </span>
    </p>
   </div>
  </div>
 </body>
</html>
