2036 3476
277 188 529 274 Lrssere
578 185 668 273 XI.
765 191 868 290 141v

49 391 51 395 -
97 351 152 405 Hic
162 363 258 406 matres
266 393 280 439 ᾗ
289 353 444 433 ntiseraeque
454 353 604 419 nurus,ltic
613 370 674 407 cara
686 352 810 406 sororum
848 358 900 415 215

99 447 212 502 Pediora
222 465 398 515 moerentum,
411 451 540 520 puerique
550 450 701 519 parentibus
715 447 775 501 orbi

99 545 199 599 Dirum
208 539 376 600 exsecrentur
381 545 499 612 bellum,
508 545 646 616 Turnique
656 546 810 622 hymeneus
821 560 831 602 ·,

98 641 190 712 Ipsum
201 642 298 708 armis,
312 641 451 712 ipsumque
460 640 552 706 iubent
561 643 701 697 decernere
711 641 782 695 letto
793 677 802 704 ,

100 739 158 806 Qui
167 755 279 811 regnum
287 739 370 794 Italiae
381 741 407 793 dt
418 739 521 809 primos
531 738 579 791 fibi
590 738 681 807 poscat
691 737 831 791 honores.-

87 838 225 906 ,Ingravat
233 839 290 890 hae'c
299 837 384 890 saevus
394 837 532 898 Drances,
545 835 684 903 solumque
692 833 787 887 vocari
851 841 909 887 220

100 932 244 1001 'telletum
259 937 347 990 solum
356 933 432 1003 posci
441 933 470 986 in
479 931 623 986 certamina
633 931 764 986 Turnum.

101 1031 190 1086 Multa
199 1031 275 1086 fimul
284 1031 378 1088 contrd
387 1030 470 1085 v'ariis
479 1028 610 1082 sententia
622 1029 699 1082 dietis

102 1127 156 1180 Pro
165 1128 276 1194 Turno,
290 1129 317 1182 ἃ
329 1136 455 1199 magnum
464 1105 574 1196 Regilla
583 1141 684 1179 nornen
693 1126 850 1179 obumbrat:

102 1225 191 1278 Multa
201 1225 291 1279 virum
303 1225 406 1280 meritis
417 1223 541 1278 sustentat
552 1223 621 1276 lama
631 1222 749 1292 tropaeis.

139 1323 200 1377 llos
211 1322 400 1387 interemtus,
413 1321 503 1375 medio
516 1320 545 1374 in
555 1320 683 1391 flagrante
693 1321 826 1385 tumultu,
853 1335 902 1388 225

104 1419 171 1472 Ecce
182 1419 260 1488 super
271 1419 359 1472 moesti
372 1435 467 1490 magna
476 1417 618 1471 Diomedis
629 1419 660 1470 ab
669 1418 733 1471 urbe

102 1515 197 1584 Legati
206 1516 330 1584 responsa
338 1518 426 1570 ferunt
436 1535 443 1570 ι
454 1517 522 1569 nihil
532 1515 656 1568 omnibus
667 1514 755 1568 adium

104 1612 254 1664 Tantorum
264 1611 850 1683 impenfisoperutn:nildonanequeaurum‚

103 1709 162 1763 Nec
173 1723 281 1778 magnas
293 1708 402 1763 veluiss'e
414 1728 504 1780 preces
515 1731 523 1765 t
534 1711 586 1764 alia
597 1723 669 1764 arma
677 1709 778 1764 Latinis

105 1808 271 1874 Quaerenda,
284 1787 430 1878 autpacem
437 1809 558 1876 Troiane)
568 1811 599 1863 ab
608 1827 669 1881 tege
678 1810 830 1879 petendum.
855 1823 907 1878 230

68 1949 69 1954 ,
105 1903 207 1957 Deficit
215 1903 319 1974 ingenti
328 1903 400 1956 lustu
410 1921 458 1956 rex
467 1905 522 1973 ipse
532 1905 651 1960 Latinus.

105 2003 222 2056 Fatalem
233 1999 335 2053 AEnean
344 1999 481 2053 manifesto
491 2003 600 2054 numine
610 2003 673 2056 ferri

61 2123 65 2132 ·
106 2099 241 2152 Admonet
250 2097 288 2152 ira
298 2097 386 2151 Dedm
397 2135 404 2160 ‚
415 2083 563 2167 tumulique
573 2113 633 2151 ante
643 2115 689 2152 ora
698 2113 826 2157 recentes.

100 2199 177 2268 largo
190 2196 334 2251 concilium
347 2209 487 2270 magnum,
501 2193 654 2264 primosque
665 2195 773 2248 suorum

105 2293 226 2365 Imperio
237 2293 336 2348 accitos
347 2295 399 2346 alta
409 2291 477 2346 intra
486 2291 580 2346 limina
588 2291 671 2362 cogit.
855 2308 905 2365 235

108 2391 167 2444 Olli
178 2377 345 2457 convener'e',
357 2391 496 2461 fluuntque
508 2392 539 2444 ad
548 2389 620 2460 regia
628 2389 716 2458 plenis

22 2491 24 2496 “
107 2487 189 2544 Tecta
203 2488 267 2544 viis.
280 2489 359 2543 Sedet
370 2489 399 2542 in
410 2489 523 2553 mediis,
537 2489 565 2541 dc
575 2488 707 2540 maximtls
720 2502 796 2550 aevo,

107 2584 145 2638 Et'
151 2586 252 2656 primus
265 2587 374 2657 sceptris
385 2628 392 2652 ,
404 2587 474 2640 haud
484 2585 544 2640 laetd
555 2587 661 2650 fronte,
677 2583 796 2640 Latinus.

109 2684 198 2752 Atque
208 2683 252 2738 hic
262 2685 365 2755 legatos
377 2682 467 2738 AEtola
478 2701 513 2738 ex
524 2679 588 2737 urbe
603 2678 741 2747 remiffos,

110 2778 178 2844 Quae
189 2777 302 2832 referant
314 2820 322 2845 ‚
334 2779 383 2834 fari
393 2779 482 2848 'rubett
495 2783 522 2834 dc
531 2777 656 2850 responsa
664 2777 781 2848 reposcit
853 2795 909 2852 240

110 2875 213 2934 Ordine
225 2875 317 2933 cunda
328 2877 386 2938 suo.
397 2877 468 2932 Tum
479 2873 546 2934 satta
556 2857 658 2935 filcaria
669 2875 785 2950 deguit,
