2036 3480
167 149 245 253 198
357 136 700 226 AE‘rvaruos
811 191 813 198 ·

161 304 272 360 vanus
284 305 352 360 naua
362 305 425 360 utus
434 287 519 362 vauri
531 307 675 363 annitere
684 307 793 362 morsm

161 402 278 456 Roboris
288 403 394 458 AEtteas.
406 405 481 458 Dum
492 404 588 458 nititur
598 421 672 469 ater,
685 405 713 458 it
722 403 818 468 instat,

162 499 262 555 Rursus
274 502 304 554 in
314 503 411 573 aurigae
420 502 515 557 faeiem
527 516 627 556 mutata
638 501 747 556 Metisci

106 589 157 655 785
168 597 323 664 Procurrh,
339 599 466 669 fratrique
480 601 571 653 ensem
587 601 646 653 Dea
660 598 766 653 Daunia
777 596 876 654 reddit.

152 694 245 761 'Quod
256 697 349 752 Venus
363 697 454 752 audaci
465 699 600 768 Nymphae
611 697 747 768 indignata
758 695 839 750 licere
850 733 861 762 ,

163 791 273 845 Accedit
284 833 292 859 ,
308 796 444 866 telumque
455 798 508 850 alta
518 798 550 849 ab
562 795 649 850 radice
660 793 777 850 revellit.

164 889 223 946 Olli
235 891 359 947 sublimes
371 894 452 947 armis
467 933 475 959 ‚
491 893 638 962 animisque
647 892 756 958 resedi,

164 987 218 1040 ilic
230 990 317 1060 gladio
332 989 417 1044 fidens
428 1029 436 1056 ‚
447 990 493 1044 hic
506 987 566 1044 ater
579 991 605 1044 δι
620 991 714 1042 arduus
725 987 816 1053 hasti,

110 1085 301 1143 790Adfistmt
312 1086 423 1152 contri,
439 1087 582 1142 certamine
592 1085 687 1139 Martis
697 1085 796 1139 anheli.

201 1185 337 1240 Iunonem
347 1185 448 1239 interea
459 1186 519 1238 Rex
530 1182 724 1254 omnipotentis
734 1181 852 1253 Olympi

166 1282 322 1352 Alloquitur
335 1321 343 1348 ‚
359 1284 433 1337 fulva
447 1299 549 1353 pugnas
560 1283 593 1336 de
604 1282 673 1334 nube
683 1294 812 1334 tuentem.

167 1380 235 1448 Qua
245 1379 298 1446 jam
308 1379 369 1433 linis
381 1378 451 1444 erit,
468 1377 587 1445 conjux?
599 1378 663 1448 quid
674 1377 788 1449 denique
797 1376 899 1436 restat?

166 1477 315 1548 Indigetem
324 1475 427 1529 AEnean
435 1475 486 1528 seis
496 1475 552 1544 ipsa
564 1475 591 1528 ἀ
600 1475 666 1528 scire
675 1473 765 1528 fateris

112 1581 162 1636 795
172 1573 272 1626 Deberi
283 1575 354 1627 coelo
365 1611 373 1638 ‚
388 1571 500 1642 fatisque
510 1573 543 1624 ad
553 1571 634 1625 iidera
643 1572 714 1626 tolli.

170 1669 243 1736 Quid
251 1669 346 1722 lituis?
356 1683 401 1722 aut
410 1669 462 1739 qui
475 1670 521 1738 spe
532 1667 625 1738 gelidis
635 1668 665 1720 iu
674 1667 786 1722 nubibus
794 1653 901 1722 liutei?

169 1765 309 1818 Mortalin'
321 1765 408 1819 decuit
416 1765 517 1818 violari
525 1766 636 1818 vulnere
645 1765 749 1819 Divum
759 1767 771 1819 i

169 1863 224 1916 Aut
235 1863 344 1928 ensem(
354 1861 417 1932 quid
427 1859 501 1915 enim
509 1861 563 1914 fine
572 1875 599 1916 te
608 1861 719 1917 Juturna
728 1863 829 1915 valeret
838 1863 867 1930 ἒ)

170 1959 296 2030 Ereptum
306 1959 380 2012 reddi
390 1960 502 2022 Turno,
517 1959 542 2011 dt
551 1957 610 2011 vim
621 1957 737 2012 crescere
747 1957 846 2012 viliis?

115 2056 273 2110 dooDeliue
282 2053 336 2122 jam
345 2056 467 2119 taudem,
480 2053 652 2124 precibusque
662 2054 797 2108 infleditre
806 2053 919 2115 nolitist

171 2156 264 2208 Necte
273 2167 361 2206 tantus
371 2155 430 2206 edat
440 2153 547 2205 tacitam
557 2153 635 2206 dolor
645 2171 653 2213 3
667 2153 694 2204 δι
702 2151 770 2206 milti
778 2169 847 2205 curae

171 2254 247 2319 Saepe
257 2265 305 2304 tuo
316 2250 385 2304 dulci
395 2249 480 2304 tristes
490 2267 526 2302 ex
535 2266 583 2303 ore
592 2249 735 2304 recursem.

171 2347 293 2400 Ventum
304 2349 336 2400 ad
347 2347 499 2416 supremum
512 2348 556 2401 eii.
567 2347 658 2401 Terris
668 2347 767 2417 agitate
774 2350 821 2400 vel
829 2347 907 2402 undis

172 2445 306 2512 Troianos
317 2445 444 2516 potuisti,
458 2444 594 2499 infandum
603 2445 744 2498 accendere·
753 2445 851 2498 bellum
862 2485 869 2508 ‚

118 2541 337 2606 805Det'otn1are
349 2544 458 2596 domum
470 2582 477 2607 ‚
494 2545 521 2596 &
532 2543 604 2595 lustu
614 2543 724 2595 miscere
733 2542 900 2614 hymeneos.

173 2640 294 2693 Ulterius
305 2655 407 2693 tentare
416 2651 492 2692 veto.
503 2639 547 2692 Sic
556 2639 660 2707 Jupiter
669 2639 760 2692 orsus:

174 2736 220 2792 Sic
231 2737 290 2789 Dea
306 2735 430 2789 submilio
442 2733 534 2788 contri
546 2735 668 2789 Saturnia
679 2737 775 2789 wilm:

174 2834 225 2891 Ista
236 2832 343 2907 quidem
356 2832 418 2904 quia
430 2845 494 2887 nota
503 2832 570 2886 milti
579 2847 625 2886 tua
634 2869 643 2896 ‚
652 2847 747 2902 magne
757 2833 922 2898 uoluntas,¹
