2036 3480
306 173 443 290 Cin
478 197 498 251 1
531 197 570 253 s.
728 199 807 284 239

60 340 112 392 Illa
124 355 176 410 ego
186 337 262 402 sum,
278 334 392 401 Minos,
404 336 504 390 sacrato
513 335 614 390 soedere
623 334 743 406 conjtrnx

59 435 143 488 Dicta
152 434 200 487 tibi
211 453 219 494 ς
231 447 321 487 tamen
329 433 402 498 hec,
420 431 476 486 &sn
487 449 543 488 non
552 434 667 503 accipis,
677 435 762 490 andis.

60 532 196 587 vincitne
209 546 264 585 tarn
276 530 365 602 magni
377 531 486 584 tranabo
498 531 610 602 gurgitis
622 533 723 586 undas?
812 538 868 590 420

61 627 163 683 Vindia
174 643 215 684 tot
225 627 333 682 affiduas
343 629 464 698 pendebo
476 645 512 682 ex
523 628 616 682 ordine
625 630 698 682 luces
708 631 721 682 d

61 729 129 782 Non
140 727 264 798 equidem
276 743 319 780 me
332 727 385 782 adio
397 725 501 796 podium
514 729 674 782 contendere
687 726 795 798 dignam

61 825 220 895 Suppliciot
234 825 307 894 quod
317 823 351 876 iic
360 822 473 892 patriam
483 823 610 892 carosque
620 823 731 878 Penates
851 805 856 818 ⁷

62 923 191 977 Hostibus
203 960 211 986 ‚
223 921 375 991 immitique
385 921 474 976 addixi
485 921 575 992 ignara
586 936 713 992 tyranno.

65 1023 171 1074 Verum
183 1018 238 1074 esto
249 1039 255 1074 ι
265 1020 337 1085 hec,
351 1018 461 1082 Minos,
473 1018 536 1072 ilios
545 1019 670 1072 scelerata
680 1017 790 1089 putavi,
816 1029 866 1082 425

64 1119 95 1172 Si
106 1116 192 1171 nostra
203 1132 263 1170 ante
275 1109 372 1185 aliquis
384 1113 500 1168 nudiffet
510 1114 610 1168 foedera
622 1115 694 1168 casus
705 1153 713 1180 ,

67 1215 211 1270 Facturos:
225 1230 340 1284 quorum
352 1211 462 1282 direptis
473 1211 606 1266 moenibus
618 1211 706 1278 urbis,

70 1303 98 1368 O
109 1330 160 1384 ego
170 1311 283 1366 crudelis
295 1349 304 1375 ‚
314 1309 422 1365 flammi
434 1311 540 1364 delubra
552 1310 653 1380 petivi:

72 1412 113 1464 Te
125 1407 193 1464 vero
202 1410 306 1464 viiiore
318 1410 391 1482 priris
401 1411 447 1464 vel
459 1409 540 1464 iidera
550 1409 640 1464 cursus

72 1510 210 1562 Mutatura
219 1507 391 1578 suos,qudm
400 1522 427 1560 te
437 1507 504 1562 mihi
513 1507 575 1562 talia
586 1522 670 1578 captat
819 1519 875 1574 430

69 1605 210 1661 Facturum
221 1605 324 1662 metui:
336 1605 390 1674 iant
399 1604 452 1671 jam
465 1605 549 1660 scelus
562 1604 654 1659 omnia
665 1602 762 1660 vincit.

69 1705 189 1775 Ten'ego
200 1705 260 1774 plus
271 1704 359 1774 patrio
371 1703 454 1758 dilexi
465 1702 567 1774 perdica
576 1705 681 1776 regno?
725 1776 727 1780 .

71 1804 190 1874 Ten'ego
201 1805 212 1856 ,³
218 1819 273 1868 nec
281 1804 380 1856 mirum
390 1842 398 1868 ,
408 1805 487 1857 vultu
497 1805 606 1872 decepta
615 1804 705 1872 puella

76 1903 115 1954 Ut
126 1899 184 1952 vidi
196 1937 205 1963 ,
221 1915 251 1952 ut
261 1899 329 1967 petii
339 1935 347 1962 ,
358 1914 388 1952 ut
399 1915 443 1950 me
452 1902 537 1952 malus
546 1899 649 1954 abstulit
657 1904 751 1956 errori

76 1999 139 2051 Non
151 1995 274 2066 equidem
285 2011 320 2048 ex
330 1993 379 2048 isto
390 1995 494 2064 speravi
505 2013 618 2066 corpore
628 1997 702 2066 poffe
822 2009 873 2064 435

73 2095 138 2148 Tale
150 2095 249 2147 malum
258 2091 330 2146 nasci
344 2111 351 2145 ε
363 2091 465 2157 format,
475 2095 522 2148 vel
531 2094 612 2147 fidere
623 2095 711 2150 fallor.

75 2193 139 2244 Non
149 2207 191 2243 me
202 2189 305 2244 deliciis
317 2189 468 2244 commovit
480 2191 552 2262 regia
562 2190 637 2246 dives

78 2287 187 2342 Coralio
198 2286 304 2357 fragili,
320 2303 351 2339 ac
366 2285 465 2340 eleiiro
477 2288 649 2358 lacrymoso,

77 2386 123 2438 Me
135 2401 192 2438 non
201 2383 328 2436 florentes
338 2383 434 2452 equali
443 2400 556 2452 corpore
567 2386 719 2455 Nympha,

77 2459 140 2534 Non
149 2497 235 2536 metus
246 2480 380 2534 incensam
390 2479 480 2549 potuit
491 2479 605 2534 retinere
615 2483 749 2536 Deorum.
823 2499 880 2551 440

79 2577 180 2631 Omnia
189 2579 275 2634 vincit
284 2595 377 2633 amor:
389 2577 454 2648 quid
462 2577 536 2632 enirn
545 2595 602 2632 non
610 2579 731 2634 vinceret
740 2579 804 2636 ittet

79 2675 136 2728 Nee
148 2674 214 2727 mihi
224 2674 277 2742 jam
286 2675 380 2748 pingui
391 2655 519 2730 sudabunt
528 2691 650 2746 tempora
660 2678 767 2748 myrrha
778 2719 787 2747 ,

79 2753 203 2827 Pronuba
214 2786 262 2825 nec
272 2771 354 2826 castos
363 2776 487 2830 accendet
495 2774 575 2844 pinus
584 2777 700 2842 odoret,

80 2870 138 2923 Noc
149 2868 231 2941 Libys
242 2867 348 2940 Assyrio
359 2869 486 2929 sternetur
496 2871 608 2928 lectulus
620 2872 703 2932 ostro.
788 2929 792 2936 ,
