2036 3480
139 151 238 224 -224
356 121 700 220 Vrrtornrr

152 281 218 334 Non
226 293 316 345 tamen
326 278 442 334 abfistatn
452 293 571 350 coeptum
582 282 706 336 detexere
719 297 835 338 rnunuse

98 395 134 432 ιο
152 377 184 429 ln
194 394 249 447 quo
261 376 318 444 jure
331 395 402 430 meas
414 378 518 431 utinam
528 379 693 448 requiescere
705 380 810 444 musas,

155 476 188 528 Et
201 476 298 529 leviter
307 477 432 528 blandum
442 474 521 528 liceat
532 477 666 543 deponere
676 491 791 528 rnorem.

155 573 239 639 Quod
251 572 271 624 ti
283 570 425 624 mirificum
435 573 554 640 proferre
566 573 658 624 valent
667 588 750 641 genus
760 581 859 624 omnes

156 669 305 723 Mirificum
315 669 394 736 secli,
407 670 490 722 modo
502 669 535 722 sit
543 668 593 722 tibi
601 670 677 722 velle
683 668 767 721 libido
776 707 789 733 2

158 767 187 819 Si
196 783 239 819 me
248 765 302 834 jam
312 767 413 820 summa
422 766 550 836 sapientia
559 779 685 836 pangeret
694 783 753 818 arce
764 804 773 830 ,

104 885 134 937 15
158 865 281 930 Quantot
293 862 410 933 antiquis
419 880 478 932 quae
486 863 626 917 heredibus
636 860 672 916 est
682 863 741 914 date
750 860 860 914 consors
872 899 885 926 ,

159 961 238 1013 Unde
248 959 390 1014 hominurn
400 977 504 1013 errores
516 957 598 1029 long'e
608 956 713 1028 late'que
724 975 772 1028 per
785 958 879 1010 orbem

160 1056 305 1128 Despicete
313 1071 406 1128 ‚atque
412 1055 522 1108 humilis
529 1055 631 1125 pollent
637 1071 808 1114 contemnere
815 1071 908 1110 cutast

161 1156 226 1207 Non
235 1171 287 1225 ego
296 1170 323 1208 te
333 1157 413 1208 talem
422 1171 564 1208 venerarer
575 1170 684 1206 munere
693 1153 750 1207 tali.

162 1254 227 1306 Non
233 1253 359 1322 equidem
369 1271 376 1305 ε
388 1253 514 1323 quamvis
523 1252 655 1306 interdum
666 1253 755 1306 ludere
764 1250 843 1305 nobis
853 1291 864 1318 ,

110 1375 153 1420 20,
164 1351 197 1404 Et
206 1350 330 1420 gracilem
340 1351 418 1404 molli
429 1351 508 1404 liceat
520 1352 587 1420 pede
599 1353 719 1416 claudere
727 1350 854 1405 versutus

164 1448 216 1500 Sed
225 1465 323 1518 magno
333 1448 455 1502 intexens
466 1449 506 1517 (fi
517 1450 555 1502 fas
566 1448 602 1501 est
611 1449 718 1519 dicere)
730 1449 831 1518 peplo:

165 1543 260 1610 Qualis
270 1544 416 1598 Erichtbeis
429 1545 496 1598 olim
505 1560 626 1614 portatur
635 1524 765 1610 debebis,

165 1639 265 1693 Debita
276 1657 337 1692 cum
348 1641 421 1693 castae
433 1643 573 1694 solvuntur
585 1656 652 1694 vota
660 1640 811 1708 Minervae,

166 1736 287 1790 Tardave
300 1736 422 1790 confecto
435 1738 546 1790 redeunt
555 1737 736 1808 quinquennia
747 1736 849 1803 lustro,

113 1865 144 1919 ²5
169 1832 238 1886 Ctim
249 1833 320 1886 levis
332 1834 435 1887 alterno
447 1833 588 1908 Zephyrus
599 1835 753 1888 concrebuit
766 1835 838 1888 Euro
848 1873 857 1902 ,

168 1931 201 1984 Et
211 1947 300 2001 prono
312 1932 450 2003 gravidum
462 1933 591 2014 provexit
601 1935 719 2003 pondere
731 1933 846 1991 cursum.
867 1965 871 1972 ι

168 2029 246 2084 Felix
256 2030 301 2084 ille
313 2030 388 2095 dies,
403 2030 471 2084 felix
486 2031 513 2083 ἃ
524 2030 620 2084 dicitur
629 2047 713 2084 annus
723 2051 731 2085 e

169 2127 289 2193 Felices,
305 2127 352 2198 qui
361 2129 442 2181 talem
454 2145 553 2182 annunt
561 2126 654 2182 videre
665 2127 801 2202 diemque.
887 2195 889 2200 Ι
990 2173 991 2198 3

170 2224 241 2294 Ergo
252 2225 373 2284 Palladia
386 2226 658 2284 texunturinordine
669 2243 783 2297 pugnat
990 2199 991 2216 Χ

116 2357 152 2413 3⁰
170 2321 270 2392 Magna
281 2321 423 2394 Giganteis
435 2338 563 2379 ornantur
575 2327 653 2394 pepla
664 2323 788 2394 tropaeis:

172 2417 287 2472 Horrida
299 2419 446 2492 sanguineo
459 2421 605 2492 pinguntur
614 2419 711 2490 proelia
719 2436 813 2478 cocco.

57 2503 61 2510 '
171 2517 284 2572 Areten
297 2517 387 2572 aurata
399 2517 514 2584 rejectus
526 2516 631 2586 cuspide
643 2517 745 2588 Typho.
754 2555 768 2582 „

173 2613 230 2683 Qui
239 2615 312 2682 prius
323 2615 418 2668 Offaeis
431 2615 599 2668 consternens
612 2615 712 2672 athera
722 2613 810 2679 sartis,

173 2711 312 2766 AEmathio
324 2712 422 2764 celsum
433 2711 580 2782 duplicabat
591 2711 692 2765 vertice
705 2711 868 2782 Olympum.

120 2847 151 2902 35
175 2811 240 2864 Tale
255 2810 322 2902 Dea
337 2810 429 2864 velum
444 2809 548 2866 solenni
560 2809 589 2864 in
600 2823 721 2882 tempore
730 2821 858 2888 portant:
