2036 3480
177 201 258 258 210
385 172 716 260 Vrnerrrr

172 330 295 387 Attalicis
307 333 402 402 opibus
413 335 473 387 data
483 335 602 394 velleret
616 333 637 386 fi
648 332 722 386 nitor
731 329 789 386 auri

174 429 229 482 Sub
239 431 361 499 laqueare
370 429 465 484 dumbs
475 429 594 483 animum
603 447 660 482 non
668 429 754 500 tangit
762 445 895 496 avarum,

173 524 338 594 Pidiuraeque
349 528 428 580 decus
440 565 447 591 ‚
462 525 579 596 lapidum
589 543 639 581 nee
646 527 735 598 fulgor
744 525 774 578 irr
781 527 837 580 ulla

120 611 153 676 ⁶5
177 623 307 693 Cognitus
321 622 436 676 utilitate
448 637 554 678 manet:
566 641 616 677 nec
624 625 721 694 pocula
730 637 835 695 gratum

175 720 286 773 Alconis
298 721 412 776 reserent
424 760 432 786 ‚
447 721 580 792 Bodtique
591 737 713 776 toreuma
725 741 732 775 ε
745 738 794 776 nec
803 722 865 776 Indi

176 818 301 872 Concbea
308 820 386 872 bacca
395 819 476 874 ruatis
487 820 576 890 pretio
586 820 622 874 est
632 841 639 874 ε
650 835 677 872 at
685 819 793 889 pedore
802 836 875 888 puro

175 913 251 982 Saepe
262 915 340 984 supet
350 931 444 970 tenero
453 915 595 986 prosternit
605 916 723 986 gramine
733 932 850 984 corpus:

176 1011 282 1064 Florida
290 1012 351 1066 crim
360 1015 457 1078 tellus,
470 1013 627 1083 gemmantis
638 1011 709 1080 pidia
720 1029 768 1080 per
779 1013 874 1066 herbas
885 1051 896 1078 ,

67 1161 71 1166 .
120 1111 157 1162 70
176 1107 248 1162 Vere
260 1123 336 1164 notat
345 1110 414 1163 dulci
424 1107 541 1162 discindia
550 1107 685 1161 coloribus
695 1125 775 1162 arva:

176 1205 264 1274 Atque
274 1205 350 1260 illum
361 1208 463 1260 calamo
475 1207 565 1258 latum
576 1205 710 1258 recinente
720 1203 846 1272 palustri,

177 1301 295 1372 Otiaque
306 1302 408 1356 invidid
417 1305 557 1374 degentem
567 1340 575 1366 ‚
587 1318 618 1355 ac
628 1303 717 1356 staude
725 1299 828 1355 remoti
838 1339 849 1366 ,

176 1399 378 1466 Pollentemque
391 1397 437 1450 sibi
448 1397 530 1450 viridi
541 1415 602 1450 cum
612 1397 722 1466 'palmite
733 1400 825 1452 lucens

178 1493 259 1548 Vitea
269 1495 414 1564 pampineo
425 1496 512 1548 subter
523 1511 600 1548 coma
610 1497 683 1548 velat
694 1493 802 1548 amidiu.

120 1598 140 1647 .7
145 1597 155 1649 5
177 1591 220 1646 lui
231 1593 292 1646 sunt
303 1607 382 1664 grata
392 1607 511 1646 rotantes
521 1592 587 1646 ladie
597 1593 703 1660 capellae
714 1611 723 1652 3
771 1623 774 1628 ·

178 1689 211 1742 Et
222 1706 314 1742 nemus
323 1728 330 1752 ,
344 1691 371 1742 δι
380 1691 502 1742 foecunda
511 1689 600 1752 Palea,
612 1690 638 1742 δι
647 1689 760 1744 vallibus
769 1688 832 1742 imis

179 1786 289 1854 Semper
299 1803 383 1854 opaca
392 1785 474 1838 novis
483 1785 617 1842 manantia
627 1787 745 1842 sontibus
757 1801 840 1842 antra.

179 1884 248 1951 Quis
260 1882 346 1954 magis
354 1897 448 1952 optato
458 1899 538 1953 queat
547 1883 599 1938 effe
607 1885 711 1939 beatior
719 1901 797 1950 avo,

180 1980 269 2048 Quint
281 1981 327 2050 qui
337 1995 426 2034 mente
437 1984 531 2051 procul
541 1981 608 2052 puri
619 1983 747 2052 sensuque
758 1982 897 2052 probando

126 2073 161 2126 80
180 2081 244 2132 Non
256 2078 346 2135 avidas
358 2077 470 2150 agnovit
482 2095 549 2148 opes
561 2081 572 2134 l
587 2095 643 2132 non
654 2079 737 2132 tristia
745 2080 831 2145 bella,

180 2178 237 2230 Nec
248 2175 347 2237 funesta
358 2175 435 2230 timet
446 2175 541 2228 validae
553 2175 697 2230 certamina
706 2175 803 2230 claffir:

180 2274 263 2337 Non,
276 2273 368 2342 spoliis
380 2274 443 2324 dum
452 2271 539 2326 sandia
549 2272 639 2324 Dedin
647 2273 807 2342 fulgentibus
819 2285 898 2330 ornet
1009 2277 1010 2312 ἐ

181 2369 311 2438 Templa,
323 2371 368 2422 vel
378 2369 486 2422 evaditis
497 2368 579 2424 finem
591 2371 750 2424 trausoendit
759 2371 871 2426 habendi
882 2407 893 2436 ,

181 2468 328 2522 Adversum
340 2467 418 2523 saevis
429 2470 501 2522 ultro
511 2483 589 2536 caput
596 2467 714 2522 hostibus
726 2467 815 2524 offen.

127 2564 159 2628 85
182 2564 226 2616 llli
236 2565 301 2618 salce
314 2567 388 2620 Deus
399 2565 512 2630 colitur,
526 2583 583 2620 non
593 2580 649 2620 arte
661 2565 780 2636 politus:

183 2660 231 2712 ille
243 2661 308 2713 colit
317 2663 392 2717 lucos
405 2680 411 2714 r
425 2661 466 2716 illi
477 2661 621 2716 Pancba'ica
630 2663 725 2726 thura,

183 2757 304 2810 Floribus
315 2757 426 2827 agrestes
437 2758 523 2812 herba
534 2758 699 2812 variantibus
712 2759 815 2814 adsunt.

184 2853 228 2907 llli
239 2853 322 2908 dulcis
334 2853 402 2910 adest
413 2852 518 2924 requies
530 2893 538 2920 ,
555 2855 656 2927 &pura
666 2857 811 2926 voluptas.
