2036 3480
179 239 259 324 230
380 211 718 297 Vracrrrr

121 387 169 445 175
180 377 297 432 Multum
310 377 350 432 illi
362 377 465 433 incerto
476 376 609 446 trepidant
619 371 730 444 vestigia
741 366 831 424 curstr.

174 477 250 548 Saepe
260 479 327 532 redit
338 477 439 548 patrios
449 475 604 528 adscendere
613 471 719 542 prodita
727 481 839 522 mutos:

140 587 144 594 ·
162 575 317 646 ‹Aeriasque
329 575 391 629 facit
402 572 514 626 caussam
523 572 550 624 se
560 571 648 625 visere
659 584 754 623 turres.

173 674 248 743 Saepe
264 674 345 727 eriam
357 671 436 726 tristis
448 672 566 725 volvens
579 671 608 722 iu
619 667 698 722 noste
709 663 850 736 querelas,

172 772 282 825 Sedibus
292 789 327 826 ex
336 771 397 826 altis
408 771 480 826 Coeli
488 773 638 840 speculatur
648 781 786 820 amorem:

118 861 171 915 180
179 867 317 938 Castraque
328 867 478 939 prospeslat
493 866 592 921 crebris
603 864 720 920 lucentia
729 859 858 916 flammis.

170 965 250 1017 Nulla
260 967 350 1018 colum
360 964 460 1019 novit:
473 979 562 1018 carum
574 980 624 1016 nec
635 961 743 1030 respicit
752 969 857 1014 aurum·

138 1078 146 1096 ¹·
169 1062 234 1114 Non
244 1078 336 1133 arguta
345 1063 442 1118 sonant
451 1061 525 1116 tenui
535 1060 657 1130 psalteria
666 1061 781 1113 chorda:

169 1159 234 1212 Non
246 1161 349 1231 libyco
359 1163 456 1214 molles
466 1161 626 1229 plauduntur
634 1156 740 1227 pectine
749 1157 819 1210 tela.

169 1256 266 1310 Nullus
275 1258 304 1311 in
317 1275 365 1313 ore
374 1261 455 1312 rubor
464 1277 472 1313 t
482 1257 527 1311 ubi
537 1257 611 1310 enim
620 1257 716 1320 rubor,
729 1253 814 1309 obstat
821 1250 921 1308 amoti.

115 1353 164 1421 185
174 1356 261 1424 Atque
271 1355 316 1409 ubi
327 1358 400 1409 nulla
409 1357 486 1410 malis
496 1356 596 1430 reperit
605 1353 699 1409 solatia
708 1351 807 1417 tantis,

168 1453 377 1523 Tabidulamque
386 1455 461 1508 videt
468 1454 522 1508 labi
534 1471 582 1524 pet
592 1453 695 1506 viscera
704 1466 819 1505 mortem
830 1489 839 1514 ‚

169 1549 234 1616 Qua
242 1567 324 1606 vocat
333 1552 372 1606 ire
381 1553 460 1606 dolor
471 1593 479 1618 ‚
493 1551 620 1622 subigunt
629 1549 683 1620 qu&
693 1551 800 1603 tendere
808 1548 860 1602 fate
871 1586 882 1612 ‚

169 1648 261 1700 Fertur
272 1667 279 1702 t
290 1648 449 1718 &horribili
459 1667 578 1719 praeceps
588 1647 735 1718 impellitur
743 1645 843 1699 oestro:

168 1745 208 1797 Ut
217 1745 300 1812 patris
313 1749 319 1798 l
335 1746 369 1797 ah
378 1747 487 1798 demens
498 1785 505 1810 ‚
516 1746 618 1798 crinem
633 1747 665 1798 de
677 1745 779 1798 vertice
791 1744 872 1797 ferret

112 1841 290 1909 190Furtim,
304 1855 383 1912 atque
396 1857 491 1913 arguto
502 1843 643 1896 detonsum
655 1843 774 1896 mitteret
781 1839 860 1894 hosti.

167 1940 290 2010 Namque
300 1939 358 1992 hec
368 1939 490 1994 conditio
502 1940 604 1994 miserae
617 1937 779 2009 proponitur
789 1955 852 1992 una.

166 2037 232 2090 Sive
243 2037 288 2090 illa
298 2037 425 2108 ignorans
436 2057 443 2091 ε
458 2038 518 2108 quir
529 2055 585 2091 non
596 2039 682 2090 bonus
693 2035 785 2090 omnia
793 2033 872 2089 malit

168 2135 297 2200 Credere,
311 2133 390 2205 quim
400 2149 476 2188 tanto
485 2135 583 2189 scelere
592 2137 715 2188 damnare
724 2134 859 2203 puellam?

94 2271 98 2280 .
167 2225 920 2302 Heutameninfelix(quidenimimprudentiaprodestl)

112 2341 161 2396 195
171 2329 234 2383 Nise
243 2343 335 2399 patert
347 2329 389 2382 cui
399 2328 501 2399 direpta
511 2327 653 2382 crudeliter
661 2327 751 2393 urbe„

166 2428 226 2482 Vix
235 2426 286 2481 erit
294 2443 346 2480 una
355 2425 433 2495 super
441 2425 515 2479 sedes
526 2425 555 2478 in
563 2423 678 2478 turribus
687 2423 767 2489 altis,
814 2492 817 2500 Ι

165 2524 255 2579 Fessus
267 2526 311 2579 ubi
323 2523 446 2580 excrucio
457 2524 538 2594 possis
548 2523 682 2577 confidere
691 2522 766 2577 nido.

101 2599 107 2608 ⁸
166 2621 210 2676 Tu
221 2638 329 2692 quoque
338 2624 397 2678 avis
408 2623 542 2677 moriere:
557 2622 627 2674 dabit
636 2621 686 2674 tibi
694 2619 750 2683 lilia
759 2633 865 2691 poeutr.

168 2717 289 2772 Gaudete
301 2719 320 2774 ὁ
330 2723 428 2774 celeres
438 2718 556 2772 subnixae
565 2719 677 2774 nubibus
686 2719 746 2773 altis
757 2759 765 2784 ‚

111 2836 165 2878 200
172 2819 240 2884 Quae
251 2835 337 2883 mate,
348 2836 406 2888 quae
417 2817 517 2871 virides
528 2818 617 2889 sylvas
629 2858 636 2882 ‚
648 2819 776 2888 lucosque
786 2819 915 2875 sonantes

167 2915 307 2970 Incolitis:
321 2917 431 2986 gaudete
442 2931 518 2987 vagae
527 2917 680 2985 blandaeque
688 2917 824 2973 volucres.
888 2943 896 2950 a
