<?xml version="1.0" encoding="UTF-8"?>
<!DOCTYPE html PUBLIC "-//W3C//DTD XHTML 1.0 Transitional//EN"
    "http://www.w3.org/TR/xhtml1/DTD/xhtml1-transitional.dtd">
<html xmlns="http://www.w3.org/1999/xhtml" xml:lang="en" lang="en">
 <head>
  <title>
</title>
<meta http-equiv="Content-Type" content="text/html;charset=utf-8" />
  <meta name='ocr-system' content='tesseract 3.04.00' />
  <meta name='ocr-capabilities' content='ocr_page ocr_carea ocr_par ocr_line ocrx_word'/>
</head>
<body>
  <div class='ocr_page' id='page_1' title='image "./publiivirgiliim01cappgoog_0126.png"; bbox 0 0 2036 3476; ppageno 0'>
   <div class='ocr_carea' id='block_1_1' title="bbox 312 121 855 234">
    <p class='ocr_par' dir='ltr' id='par_1_1' title="bbox 312 121 855 234">
     <span class='ocr_line' id='line_1_1' title="bbox 312 121 855 234; baseline 0 -28"><span class='ocrx_word' id='word_1_1' title='bbox 312 121 661 234; x_wconf 62' lang='lat' dir='ltr'>LrssngX.</span> <span class='ocrx_word' id='word_1_2' title='bbox 782 152 855 230; x_wconf 84' lang='lat'>113</span> 
     </span>
    </p>
   </div>
   <div class='ocr_carea' id='block_1_2' title="bbox 111 277 912 1114">
    <p class='ocr_par' dir='ltr' id='par_1_2' title="bbox 111 277 912 1028">
     <span class='ocr_line' id='line_1_2' title="bbox 112 277 859 352; baseline 0.007 -22"><span class='ocrx_word' id='word_1_3' title='bbox 112 277 230 349; x_wconf 78' lang='lat' dir='ltr'>Agmina</span> <span class='ocrx_word' id='word_1_4' title='bbox 245 295 424 348; x_wconf 87' lang='lat' dir='ltr'>concurrunt,</span> <span class='ocrx_word' id='word_1_5' title='bbox 437 281 596 352; x_wconf 84' lang='lat' dir='ltr'>ducibusque¹</span> <span class='ocrx_word' id='word_1_6' title='bbox 610 283 636 335; x_wconf 78' lang='grc' dir='ltr'>δι</span> <span class='ocrx_word' id='word_1_7' title='bbox 648 279 750 335; x_wconf 87' lang='lat' dir='ltr'>viribus</span> <span class='ocrx_word' id='word_1_8' title='bbox 762 281 859 350; x_wconf 84' lang='lat' dir='ltr'>aequis:</span> 
     </span>
     <span class='ocr_line' id='line_1_3' title="bbox 112 375 761 440; baseline 0.006 -14"><span class='ocrx_word' id='word_1_9' title='bbox 112 375 235 428; x_wconf 87' lang='lat' dir='ltr'>Extremi</span> <span class='ocrx_word' id='word_1_10' title='bbox 248 378 389 432; x_wconf 87' lang='lat' dir='ltr'>addensant</span> <span class='ocrx_word' id='word_1_11' title='bbox 401 379 470 432; x_wconf 89' lang='lat' dir='ltr'>acies</span> <span class='ocrx_word' id='word_1_12' title='bbox 481 398 489 440; x_wconf 62' lang='grc' dir='ltr'>ς</span> <span class='ocrx_word' id='word_1_13' title='bbox 506 395 555 433; x_wconf 88' lang='lat' dir='ltr'>nec</span> <span class='ocrx_word' id='word_1_14' title='bbox 569 381 643 432; x_wconf 89' lang='lat' dir='ltr'>turba</span> <span class='ocrx_word' id='word_1_15' title='bbox 655 379 761 432; x_wconf 85' lang='lat' dir='ltr'>moveri</span> 
     </span>
     <span class='ocr_line' id='line_1_4' title="bbox 112 473 824 550; baseline 0.01 -27"><span class='ocrx_word' id='word_1_16' title='bbox 112 473 180 524; x_wconf 84' lang='lat' dir='ltr'>Tela</span> <span class='ocrx_word' id='word_1_17' title='bbox 191 475 335 544; x_wconf 82' lang='lat' dir='ltr'>manusque</span> <span class='ocrx_word' id='word_1_18' title='bbox 346 476 415 529; x_wconf 84' lang='lat' dir='ltr'>finit.</span> <span class='ocrx_word' id='word_1_19' title='bbox 427 476 497 530; x_wconf 87' lang='lat' dir='ltr'>Hinc</span> <span class='ocrx_word' id='word_1_20' title='bbox 508 477 592 530; x_wconf 82' lang='lat' dir='ltr'>Palles</span> <span class='ocrx_word' id='word_1_21' title='bbox 605 475 681 530; x_wconf 83' lang='lat' dir='ltr'>instat</span> <span class='ocrx_word' id='word_1_22' title='bbox 694 478 721 530; x_wconf 75' lang='lat' dir='ltr'>du</span> <span class='ocrx_word' id='word_1_23' title='bbox 729 492 824 550; x_wconf 69' lang='lat' dir='ltr'>uegeta</span> 
     </span>
     <span class='ocr_line' id='line_1_5' title="bbox 112 569 836 644; baseline 0.01 -23"><span class='ocrx_word' id='word_1_24' title='bbox 112 569 185 622; x_wconf 87' lang='lat' dir='ltr'>Hinc</span> <span class='ocrx_word' id='word_1_25' title='bbox 198 571 290 626; x_wconf 74' lang='lat' dir='ltr'>contri</span> <span class='ocrx_word' id='word_1_26' title='bbox 302 573 419 628; x_wconf 81' lang='lat' dir='ltr'>Lausus:</span> <span class='ocrx_word' id='word_1_27' title='bbox 432 590 482 626; x_wconf 90' lang='lat' dir='ltr'>nec</span> <span class='ocrx_word' id='word_1_28' title='bbox 493 573 607 632; x_wconf 76' lang='lat' dir='ltr'>multum</span> <span class='ocrx_word' id='word_1_29' title='bbox 616 573 746 644; x_wconf 82' lang='lat' dir='ltr'>discrepat</span> <span class='ocrx_word' id='word_1_30' title='bbox 755 589 836 628; x_wconf 71' lang='lat' dir='ltr'>atas:</span> 
     </span>
     <span class='ocr_line' id='line_1_6' title="bbox 112 669 912 744; baseline 0.008 -23"><span class='ocrx_word' id='word_1_31' title='bbox 112 669 220 740; x_wconf 82' lang='lat' dir='ltr'>Egregii</span> <span class='ocrx_word' id='word_1_32' title='bbox 229 669 386 733; x_wconf 64' lang='lat' dir='ltr'>lorm53sed</span> <span class='ocrx_word' id='word_1_33' title='bbox 397 672 472 740; x_wconf 86' lang='lat' dir='ltr'>queis</span> <span class='ocrx_word' id='word_1_34' title='bbox 481 673 588 726; x_wconf 77' lang='lat' dir='ltr'>fortuna</span> <span class='ocrx_word' id='word_1_35' title='bbox 599 672 706 744; x_wconf 72' lang='lat' dir='ltr'>negdrat</span> <span class='ocrx_word' id='word_1_36' title='bbox 861 683 912 738; x_wconf 80' lang='lat'>435</span> 
     </span>
     <span class='ocr_line' id='line_1_7' title="bbox 111 767 736 840; baseline 0.01 -22"><span class='ocrx_word' id='word_1_37' title='bbox 111 767 144 818; x_wconf 87' lang='lat' dir='ltr'>In</span> <span class='ocrx_word' id='word_1_38' title='bbox 155 767 268 836; x_wconf 88' lang='lat' dir='ltr'>patriam</span> <span class='ocrx_word' id='word_1_39' title='bbox 278 769 386 824; x_wconf 86' lang='lat' dir='ltr'>reditus.</span> <span class='ocrx_word' id='word_1_40' title='bbox 397 771 471 839; x_wconf 88' lang='lat' dir='ltr'>Ipsos</span> <span class='ocrx_word' id='word_1_41' title='bbox 482 786 638 824; x_wconf 89' lang='lat' dir='ltr'>concurrere</span> <span class='ocrx_word' id='word_1_42' title='bbox 649 768 736 840; x_wconf 86' lang='lat' dir='ltr'>paffus</span> 
     </span>
     <span class='ocr_line' id='line_1_8' title="bbox 113 863 806 938; baseline 0.004 -23"><span class='ocrx_word' id='word_1_43' title='bbox 113 863 191 917; x_wconf 88' lang='lat' dir='ltr'>Haud</span> <span class='ocrx_word' id='word_1_44' title='bbox 202 879 291 918; x_wconf 87' lang='lat' dir='ltr'>tamen</span> <span class='ocrx_word' id='word_1_45' title='bbox 303 866 372 920; x_wconf 89' lang='lat' dir='ltr'>inter</span> <span class='ocrx_word' id='word_1_46' title='bbox 384 867 409 920; x_wconf 88' lang='lat' dir='ltr'>se</span> <span class='ocrx_word' id='word_1_47' title='bbox 422 869 512 936; x_wconf 86' lang='lat' dir='ltr'>magni</span> <span class='ocrx_word' id='word_1_48' title='bbox 524 882 648 938; x_wconf 84' lang='lat' dir='ltr'>regnator</span> <span class='ocrx_word' id='word_1_49' title='bbox 659 865 788 938; x_wconf 88' lang='lat' dir='ltr'>Olympi:</span> <span class='ocrx_word' id='word_1_50' title='bbox 802 909 806 918; x_wconf 91' lang='lat'><em>.</em></span> 
     </span>
     <span class='ocr_line' id='line_1_9' title="bbox 112 960 756 1028; baseline 0.006 -16"><span class='ocrx_word' id='word_1_51' title='bbox 112 960 184 1013; x_wconf 84' lang='lat' dir='ltr'>Mox</span> <span class='ocrx_word' id='word_1_52' title='bbox 193 960 255 1015; x_wconf 87' lang='lat' dir='ltr'>illos</span> <span class='ocrx_word' id='word_1_53' title='bbox 268 963 313 1015; x_wconf 88' lang='lat' dir='ltr'>sua</span> <span class='ocrx_word' id='word_1_54' title='bbox 323 962 376 1016; x_wconf 86' lang='lat' dir='ltr'>fata</span> <span class='ocrx_word' id='word_1_55' title='bbox 385 977 493 1023; x_wconf 84' lang='lat' dir='ltr'>manent</span> <span class='ocrx_word' id='word_1_56' title='bbox 505 960 605 1028; x_wconf 85' lang='lat' dir='ltr'>majore</span> <span class='ocrx_word' id='word_1_57' title='bbox 617 963 663 1014; x_wconf 84' lang='lat' dir='ltr'>sub</span> <span class='ocrx_word' id='word_1_58' title='bbox 673 961 756 1018; x_wconf 82' lang='lat' dir='ltr'>hoste.</span> 
     </span>
    </p>

    <p class='ocr_par' dir='ltr' id='par_1_3' title="bbox 148 1060 775 1114">
     <span class='ocr_line' id='line_1_10' title="bbox 148 1060 775 1114; baseline 0.003 -2"><span class='ocrx_word' id='word_1_59' title='bbox 148 1060 252 1112; x_wconf 83' lang='lat' dir='ltr'>Interea</span> <span class='ocrx_word' id='word_1_60' title='bbox 261 1060 337 1114; x_wconf 85' lang='lat' dir='ltr'>soror</span> <span class='ocrx_word' id='word_1_61' title='bbox 349 1063 417 1114; x_wconf 87' lang='lat' dir='ltr'>alma</span> <span class='ocrx_word' id='word_1_62' title='bbox 426 1075 520 1114; x_wconf 90' lang='lat' dir='ltr'>monet</span> <span class='ocrx_word' id='word_1_63' title='bbox 531 1061 679 1114; x_wconf 78' lang='lat' dir='ltr'>succurrere</span> <span class='ocrx_word' id='word_1_64' title='bbox 691 1061 775 1114; x_wconf 84' lang='lat' dir='ltr'>Lauso</span> 
     </span>
    </p>
   </div>
   <div class='ocr_carea' id='block_1_3' title="bbox 109 1157 939 1722">
    <p class='ocr_par' dir='ltr' id='par_1_4' title="bbox 110 1157 913 1330">
     <span class='ocr_line' id='line_1_11' title="bbox 111 1157 913 1228; baseline 0.001 -19"><span class='ocrx_word' id='word_1_65' title='bbox 111 1157 249 1222; x_wconf 84' lang='lat' dir='ltr'>Turnum,</span> <span class='ocrx_word' id='word_1_66' title='bbox 260 1158 306 1228; x_wconf 91' lang='lat' dir='ltr'>qui</span> <span class='ocrx_word' id='word_1_67' title='bbox 317 1160 423 1213; x_wconf 86' lang='lat' dir='ltr'>volucri</span> <span class='ocrx_word' id='word_1_68' title='bbox 432 1177 510 1214; x_wconf 88' lang='lat' dir='ltr'>curru</span> <span class='ocrx_word' id='word_1_69' title='bbox 519 1158 636 1212; x_wconf 83' lang='lat' dir='ltr'>medium</span> <span class='ocrx_word' id='word_1_70' title='bbox 648 1159 716 1210; x_wconf 84' lang='lat' dir='ltr'>secat</span> <span class='ocrx_word' id='word_1_71' title='bbox 726 1174 829 1228; x_wconf 83' lang='lat' dir='ltr'>agmen.</span> <span class='ocrx_word' id='word_1_72' title='bbox 858 1173 913 1222; x_wconf 81' lang='lat'>440</span> 
     </span>
     <span class='ocr_line' id='line_1_12' title="bbox 110 1253 719 1330; baseline 0.002 -24"><span class='ocrx_word' id='word_1_73' title='bbox 110 1255 150 1306; x_wconf 93' lang='lat' dir='ltr'>Ut</span> <span class='ocrx_word' id='word_1_74' title='bbox 160 1253 229 1308; x_wconf 86' lang='lat' dir='ltr'>vidit</span> <span class='ocrx_word' id='word_1_75' title='bbox 238 1255 326 1330; x_wconf 68' lang='lat' dir='ltr'>socios</span> <span class='ocrx_word' id='word_1_76' title='bbox 338 1275 344 1308; x_wconf 92' lang='lat'>:</span> <span class='ocrx_word' id='word_1_77' title='bbox 355 1256 473 1325; x_wconf 89' lang='lat' dir='ltr'>Tempus</span> <span class='ocrx_word' id='word_1_78' title='bbox 486 1255 604 1308; x_wconf 74' lang='lat' dir='ltr'>desistere</span> <span class='ocrx_word' id='word_1_79' title='bbox 613 1254 719 1325; x_wconf 75' lang='lat' dir='ltr'>pugni,</span> 
     </span>
    </p>

    <p class='ocr_par' dir='ltr' id='par_1_5' title="bbox 109 1351 809 1520">
     <span class='ocr_line' id='line_1_13' title="bbox 110 1351 782 1424; baseline 0 -18"><span class='ocrx_word' id='word_1_80' title='bbox 110 1353 189 1406; x_wconf 87' lang='lat' dir='ltr'>Solus</span> <span class='ocrx_word' id='word_1_81' title='bbox 199 1369 251 1424; x_wconf 83' lang='lat' dir='ltr'>ego</span> <span class='ocrx_word' id='word_1_82' title='bbox 261 1353 290 1407; x_wconf 91' lang='lat' dir='ltr'>in</span> <span class='ocrx_word' id='word_1_83' title='bbox 300 1353 513 1417; x_wconf 81' lang='lat' dir='ltr'>Pallantaferor,</span> <span class='ocrx_word' id='word_1_84' title='bbox 526 1352 577 1405; x_wconf 84' lang='lat' dir='ltr'>soli</span> <span class='ocrx_word' id='word_1_85' title='bbox 586 1351 653 1406; x_wconf 88' lang='lat' dir='ltr'>mihi</span> <span class='ocrx_word' id='word_1_86' title='bbox 662 1352 746 1406; x_wconf 86' lang='lat' dir='ltr'>Pallas</span> <span class='ocrx_word' id='word_1_87' title='bbox 779 1387 782 1394; x_wconf 85' lang='lat'>.</span> 
     </span>
     <span class='ocr_line' id='line_1_14' title="bbox 109 1439 809 1520; baseline 0.004 -18"><span class='ocrx_word' id='word_1_88' title='bbox 109 1439 229 1502; x_wconf 80' lang='lat' dir='ltr'>Debetur</span> <span class='ocrx_word' id='word_1_89' title='bbox 239 1469 246 1505; x_wconf 90' lang='lat'>:</span> <span class='ocrx_word' id='word_1_90' title='bbox 255 1451 383 1520; x_wconf 62' lang='lat' dir='ltr'>‘cuperem</span> <span class='ocrx_word' id='word_1_91' title='bbox 393 1449 448 1520; x_wconf 88' lang='lat' dir='ltr'>ipse</span> <span class='ocrx_word' id='word_1_92' title='bbox 458 1467 553 1520; x_wconf 87' lang='lat' dir='ltr'>parens</span> <span class='ocrx_word' id='word_1_93' title='bbox 562 1449 693 1519; x_wconf 75' lang='lat' dir='ltr'>spectator</span> <span class='ocrx_word' id='word_1_94' title='bbox 701 1447 809 1505; x_wconf 75' lang='lat' dir='ltr'>adeffet.</span> 
     </span>
    </p>

    <p class='ocr_par' dir='ltr' id='par_1_6' title="bbox 109 1545 939 1722">
     <span class='ocr_line' id='line_1_15' title="bbox 110 1545 939 1617; baseline 0 -19"><span class='ocrx_word' id='word_1_95' title='bbox 110 1548 173 1599; x_wconf 83' lang='lat' dir='ltr'>llaec</span> <span class='ocrx_word' id='word_1_96' title='bbox 183 1549 238 1607; x_wconf 65' lang='lat' dir='ltr'>aiv,</span> <span class='ocrx_word' id='word_1_97' title='bbox 253 1546 354 1600; x_wconf 87' lang='lat' dir='ltr'>&amp;socii</span> <span class='ocrx_word' id='word_1_98' title='bbox 366 1546 495 1600; x_wconf 76' lang='lat' dir='ltr'>cesserunt</span> <span class='ocrx_word' id='word_1_99' title='bbox 506 1564 614 1617; x_wconf 72' lang='lat' dir='ltr'>equore</span> <span class='ocrx_word' id='word_1_100' title='bbox 624 1545 702 1613; x_wconf 81' lang='lat' dir='ltr'>juffo.</span> <span class='ocrx_word' id='word_1_101' title='bbox 937 1591 939 1598; x_wconf 80' lang='grc'>,</span> 
     </span>
     <span class='ocr_line' id='line_1_16' title="bbox 109 1643 906 1722; baseline 0.003 -28"><span class='ocrx_word' id='word_1_102' title='bbox 109 1643 144 1695; x_wconf 85' lang='lat' dir='ltr'>At</span> <span class='ocrx_word' id='word_1_103' title='bbox 154 1643 283 1722; x_wconf 61' lang='lat' dir='ltr'>liutulilm</span> <span class='ocrx_word' id='word_1_104' title='bbox 292 1643 404 1698; x_wconf 84' lang='lat' dir='ltr'>absceffu</span> <span class='ocrx_word' id='word_1_105' title='bbox 413 1643 519 1712; x_wconf 88' lang='lat' dir='ltr'>juvenis</span> <span class='ocrx_word' id='word_1_106' title='bbox 531 1660 589 1698; x_wconf 89' lang='lat' dir='ltr'>tum</span> <span class='ocrx_word' id='word_1_107' title='bbox 598 1643 662 1712; x_wconf 76' lang='lat' dir='ltr'>julla</span> <span class='ocrx_word' id='word_1_108' title='bbox 674 1643 784 1713; x_wconf 84' lang='lat' dir='ltr'>superba</span> <span class='ocrx_word' id='word_1_109' title='bbox 855 1658 906 1709; x_wconf 80' lang='lat'>445</span> 
     </span>
    </p>
   </div>
   <div class='ocr_carea' id='block_1_4' title="bbox 51 1739 908 2886">
    <p class='ocr_par' dir='ltr' id='par_1_7' title="bbox 107 1739 835 2006">
     <span class='ocr_line' id='line_1_17' title="bbox 109 1739 830 1814; baseline 0.001 -22"><span class='ocrx_word' id='word_1_110' title='bbox 109 1739 223 1796; x_wconf 82' lang='lat' dir='ltr'>Miratus</span> <span class='ocrx_word' id='word_1_111' title='bbox 236 1780 243 1806; x_wconf 80' lang='grc'><em>,</em></span> <span class='ocrx_word' id='word_1_112' title='bbox 258 1741 343 1812; x_wconf 86' lang='lat' dir='ltr'>stupet</span> <span class='ocrx_word' id='word_1_113' title='bbox 355 1742 384 1795; x_wconf 88' lang='lat' dir='ltr'>in</span> <span class='ocrx_word' id='word_1_114' title='bbox 394 1743 487 1796; x_wconf 86' lang='lat' dir='ltr'>Turno</span> <span class='ocrx_word' id='word_1_115' title='bbox 498 1761 506 1804; x_wconf 77' lang='lat'>3</span> <span class='ocrx_word' id='word_1_116' title='bbox 520 1744 668 1814; x_wconf 87' lang='lat' dir='ltr'>corpusque</span> <span class='ocrx_word' id='word_1_117' title='bbox 677 1758 724 1814; x_wconf 81' lang='lat' dir='ltr'>per</span> <span class='ocrx_word' id='word_1_118' title='bbox 734 1739 830 1812; x_wconf 84' lang='lat' dir='ltr'>ingens</span> 
     </span>
     <span class='ocr_line' id='line_1_18' title="bbox 108 1837 835 1909; baseline 0 -19"><span class='ocrx_word' id='word_1_119' title='bbox 108 1839 221 1892; x_wconf 87' lang='lat' dir='ltr'>Lumina</span> <span class='ocrx_word' id='word_1_120' title='bbox 229 1837 339 1903; x_wconf 81' lang='lat' dir='ltr'>voluit,</span> <span class='ocrx_word' id='word_1_121' title='bbox 352 1839 461 1909; x_wconf 89' lang='lat' dir='ltr'>obitque</span> <span class='ocrx_word' id='word_1_122' title='bbox 473 1840 541 1894; x_wconf 89' lang='lat' dir='ltr'>truci</span> <span class='ocrx_word' id='word_1_123' title='bbox 552 1843 651 1909; x_wconf 82' lang='lat' dir='ltr'>procul¹</span> <span class='ocrx_word' id='word_1_124' title='bbox 656 1839 747 1894; x_wconf 87' lang='lat' dir='ltr'>omnia</span> <span class='ocrx_word' id='word_1_125' title='bbox 756 1838 816 1892; x_wconf 81' lang='lat' dir='ltr'>visu</span> <span class='ocrx_word' id='word_1_126' title='bbox 827 1856 835 1897; x_wconf 72' lang='lat' dir='ltr'>a</span> 
     </span>
     <span class='ocr_line' id='line_1_19' title="bbox 107 1935 682 2006; baseline 0 -16"><span class='ocrx_word' id='word_1_127' title='bbox 107 1937 215 1990; x_wconf 77' lang='lat' dir='ltr'>Talibus</span> <span class='ocrx_word' id='word_1_128' title='bbox 226 1937 252 1990; x_wconf 73' lang='grc' dir='ltr'>δι</span> <span class='ocrx_word' id='word_1_129' title='bbox 262 1935 337 1990; x_wconf 72' lang='lat' dir='ltr'>distis</span> <span class='ocrx_word' id='word_1_130' title='bbox 348 1935 369 1988; x_wconf 89' lang='lat' dir='ltr'>it</span> <span class='ocrx_word' id='word_1_131' title='bbox 379 1951 471 1990; x_wconf 84' lang='lat' dir='ltr'>contra</span> <span class='ocrx_word' id='word_1_132' title='bbox 480 1936 549 1990; x_wconf 75' lang='lat' dir='ltr'>dicta</span> <span class='ocrx_word' id='word_1_133' title='bbox 558 1937 665 2006; x_wconf 82' lang='lat' dir='ltr'>tyranni</span> <span class='ocrx_word' id='word_1_134' title='bbox 675 1956 682 1990; x_wconf 93' lang='lat'><strong>:</strong></span> 
     </span>
    </p>

    <p class='ocr_par' dir='ltr' id='par_1_8' title="bbox 106 2033 738 2112">
     <span class='ocr_line' id='line_1_20' title="bbox 106 2033 738 2112; baseline -0.002 -25"><span class='ocrx_word' id='word_1_135' title='bbox 106 2035 160 2089; x_wconf 84' lang='lat' dir='ltr'>Aut</span> <span class='ocrx_word' id='word_1_136' title='bbox 169 2034 261 2103; x_wconf 86' lang='lat' dir='ltr'>spoliis</span> <span class='ocrx_word' id='word_1_137' title='bbox 272 2052 323 2106; x_wconf 86' lang='lat' dir='ltr'>ego</span> <span class='ocrx_word' id='word_1_138' title='bbox 333 2033 386 2106; x_wconf 82' lang='lat' dir='ltr'>jam</span> <span class='ocrx_word' id='word_1_139' title='bbox 396 2033 478 2102; x_wconf 86' lang='lat' dir='ltr'>raptis</span> <span class='ocrx_word' id='word_1_140' title='bbox 487 2035 612 2096; x_wconf 85' lang='lat' dir='ltr'>laudabor</span> <span class='ocrx_word' id='word_1_141' title='bbox 621 2033 719 2112; x_wconf 79' lang='lat' dir='ltr'>opimis</span> <span class='ocrx_word' id='word_1_142' title='bbox 730 2073 738 2098; x_wconf 87' lang='lat'>,</span> 
     </span>
    </p>

    <p class='ocr_par' dir='ltr' id='par_1_9' title="bbox 104 2130 908 2398">
     <span class='ocr_line' id='line_1_21' title="bbox 106 2130 908 2202; baseline 0.002 -16"><span class='ocrx_word' id='word_1_143' title='bbox 106 2135 160 2186; x_wconf 84' lang='lat' dir='ltr'>Aut</span> <span class='ocrx_word' id='word_1_144' title='bbox 168 2133 243 2186; x_wconf 91' lang='lat' dir='ltr'>letho</span> <span class='ocrx_word' id='word_1_145' title='bbox 255 2131 351 2202; x_wconf 84' lang='lat' dir='ltr'>infigni</span> <span class='ocrx_word' id='word_1_146' title='bbox 361 2153 368 2186; x_wconf 91' lang='lat'>:</span> <span class='ocrx_word' id='word_1_147' title='bbox 379 2130 445 2186; x_wconf 87' lang='lat' dir='ltr'>sorti</span> <span class='ocrx_word' id='word_1_148' title='bbox 454 2146 529 2202; x_wconf 89' lang='lat' dir='ltr'>pater</span> <span class='ocrx_word' id='word_1_149' title='bbox 540 2149 631 2202; x_wconf 81' lang='lat' dir='ltr'>aequus</span> <span class='ocrx_word' id='word_1_150' title='bbox 641 2131 747 2201; x_wconf 89' lang='lat' dir='ltr'>utrique</span> <span class='ocrx_word' id='word_1_151' title='bbox 760 2131 814 2186; x_wconf 86' lang='lat' dir='ltr'>est:</span> <span class='ocrx_word' id='word_1_152' title='bbox 853 2140 908 2194; x_wconf 79' lang='lat'>450</span> 
     </span>
     <span class='ocr_line' id='line_1_22' title="bbox 106 2229 785 2300; baseline 0.001 -18"><span class='ocrx_word' id='word_1_153' title='bbox 106 2231 185 2284; x_wconf 90' lang='lat' dir='ltr'>Tolle</span> <span class='ocrx_word' id='word_1_154' title='bbox 197 2231 290 2284; x_wconf 88' lang='lat' dir='ltr'>minas.</span> <span class='ocrx_word' id='word_1_155' title='bbox 303 2233 381 2284; x_wconf 84' lang='lat' dir='ltr'>Fatus</span> <span class='ocrx_word' id='word_1_156' title='bbox 391 2230 508 2300; x_wconf 83' lang='lat' dir='ltr'>medium</span> <span class='ocrx_word' id='word_1_157' title='bbox 518 2229 639 2300; x_wconf 88' lang='lat' dir='ltr'>procedit</span> <span class='ocrx_word' id='word_1_158' title='bbox 648 2229 676 2282; x_wconf 89' lang='lat' dir='ltr'>in</span> <span class='ocrx_word' id='word_1_159' title='bbox 686 2246 785 2298; x_wconf 73' lang='lat' dir='ltr'>equor.</span> 
     </span>
     <span class='ocr_line' id='line_1_23' title="bbox 104 2326 762 2398; baseline 0.002 -17"><span class='ocrx_word' id='word_1_160' title='bbox 104 2326 225 2398; x_wconf 85' lang='lat' dir='ltr'>Frigidus</span> <span class='ocrx_word' id='word_1_161' title='bbox 236 2327 378 2381; x_wconf 85' lang='lat' dir='ltr'>Arcadibus</span> <span class='ocrx_word' id='word_1_162' title='bbox 390 2328 446 2382; x_wconf 88' lang='lat' dir='ltr'>coit</span> <span class='ocrx_word' id='word_1_163' title='bbox 455 2329 484 2381; x_wconf 91' lang='lat' dir='ltr'>in</span> <span class='ocrx_word' id='word_1_164' title='bbox 493 2328 637 2398; x_wconf 75' lang='lat' dir='ltr'>praecordia</span> <span class='ocrx_word' id='word_1_165' title='bbox 646 2326 762 2398; x_wconf 77' lang='lat' dir='ltr'>sanguis.</span> 
     </span>
    </p>

    <p class='ocr_par' dir='ltr' id='par_1_10' title="bbox 105 2423 723 2512">
     <span class='ocr_line' id='line_1_24' title="bbox 105 2423 723 2512; baseline 0.002 -35"><span class='ocrx_word' id='word_1_166' title='bbox 105 2425 219 2482; x_wconf 81' lang='lat' dir='ltr'>Defrluit</span> <span class='ocrx_word' id='word_1_167' title='bbox 228 2425 334 2512; x_wconf 78' lang='lat' dir='ltr'>Tprnus</span> <span class='ocrx_word' id='word_1_168' title='bbox 343 2423 457 2496; x_wconf 84' lang='lat' dir='ltr'>bijugis,</span> <span class='ocrx_word' id='word_1_169' title='bbox 473 2425 553 2496; x_wconf 89' lang='lat' dir='ltr'>pedes</span> <span class='ocrx_word' id='word_1_170' title='bbox 565 2439 671 2494; x_wconf 87' lang='lat' dir='ltr'>apparat</span> <span class='ocrx_word' id='word_1_171' title='bbox 684 2424 723 2478; x_wconf 88' lang='lat' dir='ltr'>ire</span> 
     </span>
    </p>

    <p class='ocr_par' dir='ltr' id='par_1_11' title="bbox 105 2521 786 2599">
     <span class='ocr_line' id='line_1_25' title="bbox 105 2521 786 2599; baseline 0.003 -25"><span class='ocrx_word' id='word_1_172' title='bbox 105 2521 235 2578; x_wconf 84' lang='lat' dir='ltr'>Cominus</span> <span class='ocrx_word' id='word_1_173' title='bbox 247 2541 253 2576; x_wconf 92' lang='lat'><strong>:</strong></span> <span class='ocrx_word' id='word_1_174' title='bbox 264 2536 347 2592; x_wconf 88' lang='lat' dir='ltr'>utque</span> <span class='ocrx_word' id='word_1_175' title='bbox 355 2524 418 2587; x_wconf 87' lang='lat' dir='ltr'>leo,</span> <span class='ocrx_word' id='word_1_176' title='bbox 432 2522 536 2599; x_wconf 87' lang='lat' dir='ltr'>specula</span> <span class='ocrx_word' id='word_1_177' title='bbox 545 2523 605 2595; x_wconf 78' lang='lat' dir='ltr'>cum</span> <span class='ocrx_word' id='word_1_178' title='bbox 614 2521 683 2576; x_wconf 86' lang='lat' dir='ltr'>vidit</span> <span class='ocrx_word' id='word_1_179' title='bbox 692 2522 724 2576; x_wconf 84' lang='lat' dir='ltr'>ab</span> <span class='ocrx_word' id='word_1_180' title='bbox 734 2523 786 2576; x_wconf 85' lang='lat' dir='ltr'>alta</span> 
     </span>
    </p>

    <p class='ocr_par' dir='ltr' id='par_1_12' title="bbox 51 2619 901 2886">
     <span class='ocr_line' id='line_1_26' title="bbox 104 2619 901 2691; baseline 0.005 -19"><span class='ocrx_word' id='word_1_181' title='bbox 104 2621 177 2674; x_wconf 86' lang='lat' dir='ltr'>Stare</span> <span class='ocrx_word' id='word_1_182' title='bbox 187 2621 281 2691; x_wconf 90' lang='lat' dir='ltr'>procul</span> <span class='ocrx_word' id='word_1_183' title='bbox 290 2620 390 2690; x_wconf 89' lang='lat' dir='ltr'>campis</span> <span class='ocrx_word' id='word_1_184' title='bbox 402 2621 573 2677; x_wconf 82' lang='lat' dir='ltr'>meditantem</span> <span class='ocrx_word' id='word_1_185' title='bbox 583 2619 612 2672; x_wconf 89' lang='lat' dir='ltr'>in</span> <span class='ocrx_word' id='word_1_186' title='bbox 623 2619 719 2688; x_wconf 83' lang='lat' dir='ltr'>proelia</span> <span class='ocrx_word' id='word_1_187' title='bbox 730 2624 901 2688; x_wconf 71' lang='lat' dir='ltr'>tauntm,4ll</span> 
     </span>
     <span class='ocr_line' id='line_1_27' title="bbox 51 2716 823 2798; baseline 0.01 -32"><span class='ocrx_word' id='word_1_188' title='bbox 51 2789 56 2798; x_wconf 27' lang='grc' dir='ltr'>Ι</span> <span class='ocrx_word' id='word_1_189' title='bbox 103 2716 220 2768; x_wconf 84' lang='lat' dir='ltr'>Advolat</span> <span class='ocrx_word' id='word_1_190' title='bbox 232 2735 239 2768; x_wconf 75' lang='grc' dir='ltr'><strong>ε</strong></span> <span class='ocrx_word' id='word_1_191' title='bbox 251 2717 320 2768; x_wconf 88' lang='lat' dir='ltr'>haud</span> <span class='ocrx_word' id='word_1_192' title='bbox 331 2716 382 2770; x_wconf 85' lang='lat' dir='ltr'>alia</span> <span class='ocrx_word' id='word_1_193' title='bbox 394 2716 430 2771; x_wconf 87' lang='lat' dir='ltr'>est</span> <span class='ocrx_word' id='word_1_194' title='bbox 441 2717 525 2772; x_wconf 89' lang='lat' dir='ltr'>Turni</span> <span class='ocrx_word' id='word_1_195' title='bbox 536 2716 671 2772; x_wconf 82' lang='lat' dir='ltr'>venientis</span> <span class='ocrx_word' id='word_1_196' title='bbox 684 2717 783 2789; x_wconf 82' lang='lat' dir='ltr'>imago.</span> <span class='ocrx_word' id='word_1_197' title='bbox 820 2763 823 2774; x_wconf 93' lang='lat'>.</span> 
     </span>
     <span class='ocr_line' id='line_1_28' title="bbox 104 2811 846 2886; baseline 0.003 -18"><span class='ocrx_word' id='word_1_198' title='bbox 104 2813 183 2868; x_wconf 86' lang='lat' dir='ltr'>Hune</span> <span class='ocrx_word' id='word_1_199' title='bbox 193 2811 238 2868; x_wconf 92' lang='lat' dir='ltr'>ubi</span> <span class='ocrx_word' id='word_1_200' title='bbox 248 2811 403 2886; x_wconf 77' lang='lat' dir='ltr'>contiguum</span> <span class='ocrx_word' id='word_1_201' title='bbox 412 2811 493 2868; x_wconf 79' lang='lat' dir='ltr'>mida</span> <span class='ocrx_word' id='word_1_202' title='bbox 502 2814 563 2882; x_wconf 84' lang='lat' dir='ltr'>fore¹</span> <span class='ocrx_word' id='word_1_203' title='bbox 570 2813 679 2872; x_wconf 87' lang='lat' dir='ltr'>credidit</span> <span class='ocrx_word' id='word_1_204' title='bbox 687 2811 783 2886; x_wconf 68' lang='lat' dir='ltr'>haste,</span> <span class='ocrx_word' id='word_1_205' title='bbox 796 2861 799 2870; x_wconf 36' lang='lat' dir='ltr'>r</span> <span class='ocrx_word' id='word_1_206' title='bbox 819 2861 824 2868; x_wconf 68' lang='grc'>,.</span> <span class='ocrx_word' id='word_1_207' title='bbox 835 2839 846 2880; x_wconf 65' lang='grc'>,-</span> 
     </span>
    </p>
   </div>
   <div class='ocr_carea' id='block_1_5' title="bbox 0 0 1022 3476">
    <p class='ocr_par' dir='ltr' id='par_1_13' title="bbox 0 0 1022 3476">
     <span class='ocr_line' id='line_1_29' title="bbox 0 0 1022 3476; baseline 0 2"><span class='ocrx_word' id='word_1_208' title='bbox 0 0 1022 3476; x_wconf 95' lang='lat' dir='ltr'> </span> 
     </span>
    </p>
   </div>
  </div>
 </body>
</html>
