2020 3462
249 161 637 249 LarsaIX.
749 192 797 270 71

78 333 117 388 Bis
128 331 222 402 septem
233 330 325 384 Rutuli
336 371 344 396 ,
360 347 451 384 muros
461 331 508 402 qui
519 329 605 386 milite
616 330 722 383 servent
734 364 743 394 ,

78 429 188 484 Deledi:
199 428 234 481 ast
247 430 309 482 illos
321 426 426 482 centeni
439 444 570 498 quemque
582 428 726 496 sequuntur

78 527 193 596 Purputei
205 520 286 579 cristis
297 525 409 591 iuvenes
421 542 538 594 auroque
550 523 661 578 corusci.

78 625 224 678 Discurrunt
236 663 244 688 ,
256 623 414 694 variantque
426 623 500 676 vices
512 661 520 686 ,
536 621 636 692 fusique
646 637 693 689 per
701 620 808 674 herbam

77 722 208 791 Indulgent
216 720 302 784 vino,
318 721 461 774 &vertunt
470 733 581 772 crateras
591 720 700 771 ahenos.
812 712 862 780 165

77 819 209 870 Collucent
218 817 293 886 ignes
304 836 310 870 :
324 817 430 870 nodieru
439 815 555 870 custodia
565 814 637 868 ducit

76 913 220 966 insomnem
228 915 302 967 ludo.
343 975 345 985 Ι

76 1011 135 1063 Haec
144 1011 219 1078 supet
228 1027 243 1062 e
252 1012 326 1062 vallo
336 1009 503 1079 prospestant
515 1009 600 1062 Trois
611 1047 619 1074 ‚
632 1009 658 1061 δι
667 1007 746 1062 armis

75 1108 132 1158 Alta
142 1121 251 1166 tenear,
264 1122 312 1158 nec
322 1123 379 1158 uon
390 1105 487 1175 trepidi
497 1105 639 1159 formidine
649 1121 739 1174 portas

75 1204 236 1271 Explorartt,
252 1204 400 1272 pontesque
414 1203 440 1254 δι
451 1205 648 1272 propugnacula
656 1200 785 1272 iungunt:
816 1213 868 1264 17⁰

74 1300 138 1352 Tela
146 1312 249 1368 gerunt.
261 1297 359 1351 Instant
371 1297 524 1350 Mnestheus
531 1314 650 1368 acerque
661 1296 795 1362 Serestus,

73 1397 149 1463 Quos
161 1409 235 1464 pater
245 1394 342 1448 AEneas
355 1432 363 1458 ‚
378 1393 397 1446 si
409 1395 514 1464 quando
526 1394 632 1446 adversa
643 1408 786 1458 vocarent,

73 1491 198 1545 Reciores
209 1489 337 1556 iuvenum
348 1491 374 1544 δι
386 1508 474 1570 retum
486 1490 556 1544 dedit
567 1490 618 1544 effe
631 1491 776 1562 magistros.

73 1589 171 1642 Omnis
184 1604 232 1658 per
242 1604 332 1640 muros
341 1589 414 1658 legio
424 1588 516 1640 sortita
525 1587 653 1657 periclum

73 1687 357 1752 Excubat‚exercetque
363 1684 521 1754 vices‚quod
527 1685 621 1756 cuique
628 1687 754 1740 tueudum
760 1684 809 1750 est..
820 1699 867 1752 175

109 1783 190 1834 Nisus
200 1796 256 1834 erat
265 1796 349 1850 portae
361 1781 445 1836 custos
456 1821 464 1846 ,
475 1783 615 1837 acerrimus
626 1783 725 1848 armis,

70 1879 247 1948 Hyrtacides,
259 1877 387 1930 comitem
399 1876 487 1930 AEneae
497 1896 577 1948 quem
586 1880 691 1933 miserat
700 1881 745 1932 Ida

68 1975 226 2038 venatrix,
238 1974 324 2041 jaculo
336 1975 448 2026 celerem
459 1968 613 2045 levibusque
625 1976 725 2045 sagittis
737 1994 744 2028 ι

68 2073 104 2123 Ετ
112 2069 193 2138 juxti
204 2087 293 2124 comes
306 2071 434 2140 Euryalus
447 2108 455 2132 ‚
468 2086 522 2136 quo
535 2071 670 2138 pulchrior
679 2073 744 2124 alter

68 2171 137 2222 Non
146 2168 199 2220 fuit
208 2165 351 2220 AEneadurn
362 2204 370 2230 ‚
381 2163 496 2233 Troiana
505 2183 590 2236 neque
602 2165 687 2218 induit
696 2184 782 2228 arma;
823 2169 874 2221 180

69 2264 130 2318 Ora
143 2281 210 2332 puer
219 2263 305 2332 primi
317 2263 419 2342 figrtans
431 2262 536 2315 intonsa
544 2260 664 2328 juventa.

68 2359 123 2412 His
135 2377 214 2411 amor
226 2377 295 2411 unus
307 2374 377 2423 erat,
388 2359 537 2428 pariterque
548 2361 576 2412 in
584 2362 652 2413 bella
663 2362 788 2415 ruebant:
854 2417 857 2428 ,

68 2457 146 2510 Tum
159 2473 267 2526 quoque
279 2458 415 2508 communi
425 2473 530 2525 portam
539 2456 649 2510 statione
659 2460 791 2513 tenebant.

107 2551 194 2604 Nisus
204 2551 254 2604 ait:
263 2552 345 2604 Diine
355 2553 425 2604 hunc
434 2555 553 2607 ardorem
563 2554 694 2608 mentibus
707 2557 804 2610 addunt
804 2597 818 2623 ,

67 2649 192 2718 Euryale
203 2649 213 2700 l
226 2664 260 2699 an
269 2647 314 2700 sua
323 2647 417 2717 cuique
430 2650 504 2702 Deus
514 2648 545 2702 frt
556 2649 612 2704 dira
622 2651 719 2721 cupido
730 2655 740 2706 l
824 2655 873 2723 185

68 2747 130 2797 Aut
138 2761 257 2814 pugnam
264 2785 272 2811 ,
280 2760 324 2799 aut
331 2745 586 2816 aliquidjamdudum
593 2748 717 2803 invadere
724 2767 849 2823 maguum

68 2841 160 2898 Mens
172 2840 253 2914 agitat
262 2842 347 2914 mihi,
362 2861 410 2900 uec
421 2845 522 2922 placidi
533 2859 658 2919 contenta
667 2848 756 2922 quiete
764 2848 817 2916 est.²
