2020 3462
147 193 200 312 56
331 187 681 290 AEuarvos

143 349 197 400 Ter
210 349 285 402 letho
297 347 448 406 sternendus
460 368 533 416 erat3
550 354 593 409 cui
602 371 665 409 nme
677 342 767 410 tamen
778 374 874 411 omnes

143 445 316 500 Abstulithaec
323 449 423 502 animas
430 451 521 504 dextra
528 491 536 515 ,
544 453 869 508 &totidemexsuitarmis
877 473 890 510 t,

143 544 208 596 Non
217 560 268 618 ego
278 562 347 600 nunc
355 549 426 602 dulci
437 552 562 618 amplexu
573 550 713 606 divellerer
721 551 852 622 usquam,

71 651 75 664 ’
143 640 212 694 Nate
225 681 233 707 ,
249 657 296 695 tuo
307 662 315 706 3
328 661 414 714 neque
424 645 543 700 finitimo
554 648 705 702 Mezentius
714 666 842 720 umquam

92 755 143 810 570
150 737 221 791 Huic
232 740 313 810 capiti
326 741 453 796 insultans
467 784 474 810 ‚
487 759 529 797 tot
537 746 609 800 serto
621 746 690 800 saeva
701 745 808 799 dedisset

147 836 265 902 Funera,
282 852 335 890 tam
345 840 436 894 multis
447 841 576 896 viduasset
585 843 688 896 civibus
699 844 800 896 urbem

146 935 183 984 At
196 951 247 987 vos
259 974 266 1000 ,
280 935 296 988 ὂ
307 936 400 1004 Superi
411 976 419 1002 ,
435 938 461 990 δι
472 937 575 992 Divum
585 953 615 992 tu
626 940 742 992 maxime
754 939 841 994 tenor

99 1019 101 1026 ⁵
147 1031 270 1100 Jupiter,
282 1033 386 1085 Arcadii
399 1037 407 1098 3
421 1034 510 1104 quaeso
520 1074 528 1099 ‚
540 1035 699 1089 miserescite
709 1035 798 1106 regis,

148 1127 181 1178 Et
190 1127 287 1196 patrias
298 1130 384 1182 audite
394 1147 495 1199 preces.
506 1131 534 1184 Si
544 1131 652 1185 numina
661 1131 747 1186 vestra

96 1225 319 1294 5751ncolumem
330 1226 445 1282 Pallanta
456 1227 522 1280 milri
533 1267 542 1292 ,
554 1228 573 1281 fi
585 1229 638 1282 sata
648 1229 798 1289 reservant;

150 1322 179 1376 Si
190 1323 294 1376 visurus
308 1340 369 1376 eum
380 1322 448 1377 vivo
460 1363 468 1390 ,
481 1323 507 1378 δι
518 1339 646 1378 venturus
657 1324 686 1378 in
695 1341 779 1378 unum
790 1342 800 1386 3

81 1453 84 1460 ·
150 1421 244 1473 Vitam
254 1438 304 1473 oro
315 1439 322 1474 :
332 1422 417 1490 patiar
428 1422 550 1492 quemvis
563 1425 654 1476 durare
663 1424 791 1476 laborem.

152 1516 200 1570 Sin
209 1517 324 1586 aliquem
334 1518 468 1571 infandum
477 1519 582 1583 casum,
598 1520 731 1582 Fortuna,
745 1517 876 1580 minatist

152 1615 230 1666 Nunc
240 1611 257 1665 ὂ
268 1653 275 1676 ,
286 1630 355 1666 nunc
365 1614 442 1666 liceat
451 1617 582 1668 crudelem
592 1591 746 1684 abrumpere
755 1615 855 1680 vitam,

100 1713 150 1779 580
158 1712 231 1762 Dum
241 1728 308 1764 cura
318 1710 445 1780 ambigue
455 1751 465 1777 ,
476 1714 538 1764 dum
549 1713 608 1781 spes
620 1713 719 1766 incerta
727 1712 823 1772 luntrii

154 1809 228 1862 Dum
237 1823 263 1860 te
274 1848 282 1876 ‚
297 1825 355 1861 care
367 1825 451 1876 puer,
467 1825 525 1862 mea
534 1808 590 1862 sera
600 1809 626 1862 δι
635 1810 691 1862 sola
701 1811 849 1878 voluptas,

155 1905 307 1973 Complexu
317 1919 413 1957 teneo:
427 1905 534 1976 gravior
545 1922 578 1959 ne
590 1905 698 1960 nuntius
710 1923 787 1960 aures

154 2003 294 2056 Vulneret.
306 2003 370 2056 Haec
381 2002 486 2074 genitor
495 2003 606 2076 digressu
618 2004 684 2057 dina
694 2005 817 2073 supremo

155 2101 288 2154 Fundebat
298 2121 305 2154 :
317 2101 408 2154 famuli
419 2102 564 2172 collapsum
575 2101 604 2155 in
617 2101 683 2154 tedia
694 2103 820 2156 serebant.

103 2201 151 2268 585
191 2199 302 2268 Jamque
313 2200 380 2253 adeo
391 2199 492 2254 exierat
503 2200 590 2269 portis
602 2200 734 2269 equitatus
746 2196 855 2274 apertis,

157 2295 252 2350 AEneas
264 2295 334 2350 inter
344 2296 446 2366 primos
460 2297 486 2348 δι
498 2295 564 2348 fidus
576 2297 706 2350 Achates:

156 2393 221 2446 inde
230 2392 275 2444 alii
285 2390 373 2457 Troiae
385 2407 508 2459 proceres
520 2411 527 2444 :
542 2391 596 2460 ipse
608 2391 712 2462 agmine
724 2382 810 2444 Pallas¹

157 2493 190 2548 ln
202 2489 290 2542 medio
303 2527 311 2551 ‚
324 2489 461 2558 chlamyde
475 2486 588 2556 &pinis
598 2487 753 2566 eonspedhrs
763 2484 880 2539 inarmis
891 2503 901 2538 t

160 2585 254 2654 Qualis
264 2584 310 2638 ubi
324 2583 427 2638 Oceani
440 2584 559 2654 perfusus
569 2585 673 2637 Lucifer
685 2582 772 2647 uadi,

1 2659 2 2662 Ἴ
109 2701 159 2754 590
167 2685 255 2752 Quem
265 2683 358 2736 Venus
369 2695 429 2734 ante
439 2680 507 2734 alios
517 2679 644 2734 astrorum
656 2679 743 2750 diligit
752 2679 826 2750 ignes
835 2717 845 2762 Ι,

1 2761 2 2772 ³
162 2780 263 2833 Extulit
276 2796 307 2832 os
316 2779 417 2832 sacrum
427 2780 498 2831 coelo
509 2817 517 2841 ,
529 2778 698 2848 tenebrasque
710 2775 831 2829 resolvit.

164 2879 239 2932 Stant
250 2875 352 2949 pavida
362 2875 391 2928 in
401 2874 604 2942 murmurantes,
615 2873 750 2946 oculisque
760 2873 907 2944 sequunnrr

882 3129 906 3166 2
1008 3137 1009 3190 l

990 1596 996 1714 l
