2020 3462
167 199 233 272 74Ἰ
365 171 704 255 ΑΞΝΕιυοε

166 334 238 386 Mox
247 333 290 387 hic
300 351 359 388 cum
368 335 463 404 spoliis
474 375 481 402 ‚
493 337 596 408 ingenti
605 338 675 390 caede
687 333 809 406 periet,

166 429 259 484 Affore
271 433 393 486 cernetis.
405 435 461 486 Nee
474 450 524 486 nos
534 435 581 488 via
590 435 657 488 fallit
669 449 780 487 euntes:

166 528 292 581 Vidimus
305 529 423 582 obscuris
435 529 549 598 primam
562 530 608 584 sub
617 532 730 584 vallibus
740 530 833 582 urbem

110 624 162 676 245
172 627 280 680 Venatu
289 624 388 679 affiduo
401 665 409 690 ,
426 627 453 678 dt
464 641 553 680 totum
562 627 741 698 cognovimus
751 642 868 680 amnem.

203 724 255 777 Hic
265 722 341 776 annis
353 723 442 793 gravis
454 737 533 793 atque
545 725 629 778 animi
641 740 758 778 maturus
769 724 899 778 Alethest

166 821 215 873 Dii
227 820 324 888 patrii,
341 835 456 890 quorum
469 821 571 890 semper
586 823 632 876 sub
648 822 758 874 numine
767 821 849 890 Troje
858 819 913 886 est,

166 919 230 972 Non
238 933 328 971 tamen
338 919 451 971 omnino
463 920 582 972 Teucros
592 921 679 973 delere
690 920 804 988 paratis,

168 1015 237 1067 Ciun
248 1018 313 1068 tales
326 1014 431 1068 animos
443 1014 590 1081 juvenum,
609 1015 636 1068 δι
645 1029 699 1074 tam
710 1030 781 1068 certa
789 1014 884 1068 tulistis

112 1111 917 1196 250Ped10ta.Sicmemorans‚humeros,dextrasquetenebat
1008 1119 1009 1126 ’

166 1210 314 1262 Amborum
327 1249 336 1274 ,
353 1210 380 1263 δι
398 1212 505 1262 vultum
517 1211 643 1280 lacrymis
656 1225 735 1279 atque
746 1227 793 1264 ora
804 1209 914 1280 rigabat.

167 1306 235 1371 Quae
246 1307 344 1371 vohis,
357 1323 416 1376 quae
426 1306 505 1378 digna
518 1344 525 1370 ,
537 1306 610 1369 viri,
620 1322 671 1375 pto
682 1305 777 1358 talibus
790 1305 855 1359 aulis
868 1344 876 1371 ‚

166 1401 278 1455 Praemia
288 1401 361 1471 posse
373 1419 431 1455 rear
443 1401 536 1456 solvi?
549 1402 726 1470 pulcherrima
736 1401 853 1470 primitm

167 1499 217 1551 Dii
231 1499 372 1567 moresque
385 1498 482 1551 dabunt
494 1497 575 1551 vestri
588 1517 594 1551 :
608 1513 665 1550 tum
675 1514 761 1552 cetera
770 1500 860 1552 reddet

115 1603 146 1656 25
155 1603 165 1655 5
174 1595 299 1649 Aetatem
309 1595 369 1662 pius
380 1593 493 1658 AEneas,
503 1609 582 1663 atque
592 1593 694 1664 integer
704 1594 757 1648 aevi

169 1691 296 1744 Ascani'us
308 1731 316 1756 ,
329 1689 418 1743 meriti
429 1691 497 1744 tanti
509 1707 565 1742 non
576 1690 718 1744 immemor
730 1707 866 1761 umquem.

206 1789 293 1840 Immo
306 1804 357 1856 ego
371 1805 424 1840 vos
435 1788 497 1851 ,cui
509 1789 565 1852 sQla
577 1789 646 1841 salus
657 1790 778 1859 genitore
787 1788 915 1854 adusto,

170 1883 277 1952 Excipit
288 1883 429 1948 Ascanius,
443 1901 491 1952 per
502 1901 630 1956 magnos,
641 1886 720 1948 Nise,
730 1885 859 1950 Penates,

171 1979 336 2051 Affatacique
346 1981 453 2048 Larem,
465 1981 492 2034 δι
503 1998 575 2034 canae
584 1981 729 2050 penetralia
741 1981 843 2044 Vesta,

117 2078 170 2130 2⁶0
178 2075 320 2137 obtestor,
333 2094 505 2148 quecumque
516 2077 583 2130 mihi
592 2078 717 2142 fortuna,
733 2076 849 2148 fidesque
861 2076 915 2143 est,

172 2175 203 2226 In
214 2172 307 2227 vestris
317 2190 391 2243 pono
401 2175 509 2246 gremiis
520 2195 527 2228 t
540 2190 665 2228 revocate
673 2187 825 2242 parentem,

172 2271 282 2322 Reddite
292 2269 478 2338 conspedium
492 2269 559 2322 nihil
569 2269 617 2322 illo
628 2268 699 2322 triste
710 2285 829 2338 recepto.

172 2368 238 2420 Bina
249 2369 315 2420 dabo
327 2380 438 2436 argento
448 2365 564 2434 persedit
575 2381 653 2434 atque
665 2365 753 2444 aspera
764 2365 844 2438 siguis

172 2463 289 2527 Potula,
302 2463 406 2515 devicti
417 2462 523 2533 genitor
535 2479 592 2531 quae
603 2462 673 2532 cepit
682 2461 791 2522 Arisbd,

120 2565 169 2633 265
180 2561 211 2611 Et
222 2558 339 2628 tripodas
350 2559 488 2630 geminos,
500 2558 557 2610 auri
569 2559 622 2611 duo
634 2575 729 2628 magna
740 2561 850 2625 talenta,

176 2641 282 2711 ¹Cratera
292 2657 430 2726 antiquum
441 2695 449 2720 ,
461 2672 541 2724 quem
551 2656 594 2707 dat
603 2655 711 2708 Sidonia
722 2657 806 2712 Dido.

173 2755 203 2808 Si
213 2751 280 2808 verd
291 2733 384 2823 cepere
395 2754 516 2818 ltaliam,
531 2754 690 2824 sceptrisque
700 2753 783 2824 potiti

173 2849 325 2924 contigerit
336 2850 454 2918 videri,
471 2852 498 2907 δι
506 2853 600 2922 prede
612 2851 705 2920 ducere
716 2852 814 2906 sortem
824 2869 834 2914 3
