2036 3480
356 213 596 294 Crnro
771 227 853 311 κη

108 371 210 430 Omnia
222 372 272 428 lint
283 391 292 436 ς
306 373 398 444 potiris
413 373 493 428 liceat
506 370 644 424 notescere
657 365 751 422 Citio:

109 473 198 542 Atque
208 488 289 526 unam
299 489 335 526 ex
346 473 438 526 multis
450 474 568 556 scyllam
579 485 636 522 non
646 465 698 520 elle
710 464 816 536 puellis.
871 465 906 524 95

108 571 236 637 Quare&
244 585 405 640 quaemus
414 568 553 623 meditanti
562 568 668 620 mittere
677 579 784 630 certos,

108 667 208 738 Magna
220 668 287 723 mihi
298 669 396 739 cupido
407 667 532 722 tribuistis
542 665 670 736 ptaemia,
682 663 763 717 Divae

106 764 243 832 Pierides,
261 783 373 838 quatum
382 765 465 821 costos
475 766 566 820 ulteria
575 763 662 835 postes

105 863 221 918 Munere
231 865 299 934 saepe
309 881 372 919 meo
382 863 505 918 inficiunt
516 903 523 928 ‚
536 863 688 932 foribusque
698 857 839 931 hyacinthi
849 923 856 946 .

104 961 256 1029 Deponuut
264 961 423 1028 flores,nut
432 961 512 1014 suave
522 962 617 1013 rubens
627 957 769 1024 nereidas,
854 957 909 1000 Ῑ00

104 1059 160 1112 Aut
169 1075 262 1113 crocus
272 1059 372 1114 alterni
381 1057 546 1129 conjungens
556 1058 613 1111 lilia
622 1055 724 1122 caltlti,

105 1156 250 1226 Sparsaque
260 1157 397 1209 liminibus
406 1155 488 1209 floret
496 1156 571 1216 rosae
581 1171 651 1208 nuuc
662 1170 710 1225 age
720 1191 729 1219 ,
738 1152 834 1219 nive,

105 1251 241 1322 Praecipue
253 1252 343 1306 nostro
356 1269 427 1306 nunc
438 1253 567 1322 adspirate
574 1252 661 1306 labori
671 1291 680 1316 ‚

105 1351 195 1420 Atque
210 1365 313 1403 novum
332 1363 434 1403 eterno
446 1350 585 1419 praetexite
595 1337 701 1404 honore
711 1350 852 1404 volumen.

105 1449 174 1501 Sunt
188 1447 342 1502 Pandioniis
354 1447 453 1502 vicine
462 1448 565 1502 sedibus
576 1449 672 1515 urbes,
855 1451 904 1518 105

104 1543 211 1598 Adlaeos
223 1545 292 1599 inter
303 1547 380 1600 collis
391 1586 399 1613 ‚
416 1548 444 1601 dt
455 1546 564 1600 candida
574 1545 671 1600 'lltesei

104 1641 247 1711 Purputeis
258 1645 311 1696 late
325 1643 438 1698 ridentia
449 1644 541 1699 littora
550 1645 678 1699 conchis:

31 1776 34 1780 -
104 1741 225 1808 Quarum
237 1757 294 1795 non
304 1743 353 1796 uili
364 1744 433 1797 famei
445 1745 590 1799 concedere
600 1745 679 1815 digna

104 1839 162 1892 Stat
171 1841 297 1910 Megara,
311 1842 394 1895 Aetaei
406 1845 540 1912 quondam
552 1840 760 1896 munitalabore

103 1931 228 1991 Alcathoi
241 1977 249 2002 ,
260 1937 423 2007 Phoebique;
437 1941 513 1992 Deus
525 1955 639 2008 namque
651 1938 733 1992 adfuit
744 1935 802 1992 illi:
853 1941 907 1984 ¹10

104 2035 182 2088 Unde
194 2033 276 2088 etiam
287 2033 394 2088 dmm
404 2051 488 2088 voces
500 2035 638 2088 imitantur
648 2051 735 2091 acutm
746 2055 754 2091 ι
847 2086 849 2090 .

103 2133 180 2201 Saepe
189 2132 257 2202 lapis
266 2143 386 2201 recrepat
395 2131 520 2202 Cyllenia
530 2147 640 2185 munera
650 2133 759 2202 pulsus,
787 2181 790 2187 ,

103 2230 137 2283 Et
145 2244 266 2284 veterem
275 2229 366 2283 sonitu
375 2227 466 2281 Phoebi
474 2227 582 2281 testatur
591 2230 734 2285 honorem.

104 2329 293 2392 liencurbent,
306 2341 367 2381 ante
378 2326 462 2393 aiios,
472 2326 519 2397 qui
527 2341 583 2379 ttuu
593 2327 705 2382 florebat
714 2328 743 2382 in
753 2327 850 2394 armis,

103 2427 211 2482 Fecerat
220 2425 339 2481 infestam
348 2427 492 2502 populator
502 2425 603 2496 remige
612 2425 724 2481 Minos:
854 2435 904 2491 115

103 2523 229 2594 Hospitio
241 2542 297 2596 quo
308 2526 336 2579 se
344 2523 401 2577 Nili
413 2523 543 2595 Polyidos
556 2523 650 2589 ovito,

103 2621 275 2689 Carpathium
285 2624 405 2695 fugiens,
419 2625 446 2678 δι
456 2622 568 2677 flumina
580 2624 697 2678 cerates

103 2719 220 2772 ‘rexerat
232 2738 239 2771 :
251 2721 321 2774 hunc
331 2723 403 2775 bello
416 2735 540 2791 repetens
553 2719 705 2792 Gortynius
717 2721 799 2775 heros

102 2815 192 2869 Attica
205 2815 306 2869 cetat
316 2815 445 2872 sternebat
456 2835 516 2872 rura
528 2817 631 2888 sagitti.

104 2915 157 2972 Sed
167 2929 254 2988 neque
266 2928 330 2970 tunc
340 2913 524 2987 cives,net1ue
532 2929 596 2971 tuuc
605 2933 654 2976 rex
669 2915 726 2984 ipse
734 2927 842 2972 veretro
854 2925 907 2968 120

669 3012 698 3066 K
715 3010 746 3080 vj
