2036 3476
176 213 237 300 901
370 185 711 275 AEueroos

174 351 430 422 Abietibusiuvener
442 354 571 425 patriis&
580 355 714 409 montibus
727 370 834 425 equos,
897 401 918 426 ,

120 435 171 504 ⁶75
182 451 306 517 Portam,
321 471 379 523 quae
394 454 467 508 ducis
480 453 594 523 imperio
606 451 761 517 commissa,
776 453 916 506 recludunt

174 549 246 602 Fteti
257 549 354 615 armis,
370 553 494 621 ultroque
507 551 623 605 invitant
633 551 766 604 moenibus
777 549 890 604 hostem.

174 647 225 717 Ipsi
236 647 308 702 intur
318 686 326 711 ‚
338 647 430 702 dextri
439 665 469 702 ac
479 648 547 702 levi
558 664 608 718 pro
621 649 735 702 uteribus
748 647 846 702 adstant

174 745 277 798 Armati
286 745 356 800 serto
368 785 375 811 ,
389 746 416 800 &
427 745 510 800 cristis
522 747 608 817 capita
619 748 670 800 alta
679 745 799 800 corusci:

176 842 275 910 Quales
287 843 363 896 airiae
375 841 505 913 liquentia
516 841 627 896 flumina
640 843 751 916 circum,

120 924 243 994 ⁶80Sive
253 938 315 994 Padi
326 938 392 1010 ripis
404 979 412 1004 ‚
425 937 542 994 Athesim
551 939 596 994 seu
608 954 718 1009 propter
727 955 880 1005 amoenum,

175 1035 345 1108 Consurgunt
357 1036 470 1108 gemine
482 1052 610 1107 quereus,
623 1035 780 1106 intonsaque
791 1037 865 1090 eoelo

173 1133 309 1190 Attollunt
319 1131 426 1202 capita,
441 1132 466 1186 u
478 1131 583 1187 sublimi
592 1132 695 1186 vertice
707 1147 809 1187 nutant.

174 1229 344 1300 Inrumpunt,
361 1230 445 1284 adime
456 1229 549 1284 Rutuli
557 1243 589 1284 ut
598 1229 691 1284 videte
700 1242 829 1299 patenter.

176 1325 314 1381 Continuo
323 1328 459 1395 Quercens
471 1365 478 1387 .
490 1326 515 1380 u
527 1325 636 1396 pulch'er
645 1325 790 1397 Aquicolus
801 1325 901 1391 armis,

121 1414 171 1482 ⁶⁸5
182 1424 214 1476 Et
223 1440 339 1494 praecept
349 1423 431 1476 animi
442 1424 554 1478 Tmarus
565 1463 572 1489 ‚
587 1423 615 1477 δι
626 1421 778 1478 Mavortius
787 1423 920 1488 liemon,

176 1519 333 1590 Agminibus
343 1519 408 1573 totis
419 1533 464 1574 aut
472 1519 541 1573 versi
553 1535 626 1590 terga
638 1518 746 1584 dedere,

176 1618 230 1670 Aut
240 1617 298 1686 ipso
308 1632 393 1686 portae
404 1617 516 1686 posuere
528 1617 557 1669 in
568 1616 660 1670 limine
671 1617 767 1670 vitam.

176 1715 247 1768 Tum
257 1715 339 1784 magis
350 1713 497 1766 increscunt
507 1713 602 1786 animis
613 1713 773 1766 discordibus
785 1711 848 1773 itae;

176 1811 271 1878 Etiam
280 1809 384 1864 coiiesii
396 1810 481 1862 Trois
495 1811 676 1880 glomerantur
684 1807 796 1872 eodem,

123 1901 215 1969 690&
226 1909 346 1961 conferre
358 1921 466 1960 martum
476 1946 484 1970 ‚
496 1907 522 1959 ἃ
531 1922 685 1975 procurrere
696 1905 803 1977 longius
814 1905 921 1962 audent.

213 2004 329 2058 Dustori
338 2004 431 2058 Turno
441 2002 544 2056 diversa
555 2002 583 2056 in
594 2017 668 2072 parte
677 2003 775 2057 furenti
786 2043 793 2067 ,

169 2101 358 2172 'Tuebantique
367 2101 443 2155 viros
455 2101 585 2170 perfertur
596 2099 705 2154 nuntius
719 2141 727 2166 ‚
741 2101 843 2156 hostem

178 2202 291 2255 Fervere
303 2201 372 2254 caede
384 2199 457 2253 novi
469 2238 476 2263 ,
491 2200 517 2252 ἃ
526 2213 615 2267 portas
626 2199 741 2268 prebere
753 2211 884 2268 patentes.

178 2297 285 2352 Deserit
296 2297 462 2365 incoeptum,
476 2310 553 2366 atque
564 2295 673 2349 immani
686 2297 806 2351 concitus
820 2295 858 2348 iri

123 2389 173 2457 695
183 2393 344 2448 Dardaniam
354 2392 406 2446 ruit
418 2394 449 2444 ad
460 2407 564 2461 portam
575 2432 583 2458 ‚
594 2393 737 2464 fratresque
748 2395 894 2464 superbos.¹

179 2493 211 2545 Et
222 2491 338 2562 primurn
353 2491 530 2561 Antiphaten,
544 2489 566 2543 is
577 2491 649 2544 enim
660 2491 686 2544 se
696 2491 797 2559 primus
808 2493 901 2563 agebat
914 2529 924 2557 ,

178 2590 302 2642 Thebana
315 2591 346 2643 de
358 2603 440 2641 matre
452 2591 564 2642 nothum
575 2589 734 2657 Sarpedonis
747 2588 811 2654 alti,

181 2685 312 2752 Conjesio
323 2687 413 2740 sternit
422 2685 508 2754 jaculo
522 2706 528 2740 :
543 2689 619 2739 volat
631 2688 695 2738 Itala
706 2703 803 2740 cornus

180 2783 248 2836 Adra
261 2765 425 2850 pertenuem
436 2821 444 2846 ,
455 2781 642 2852 stomachoque
655 2781 738 2834 infixa
748 2783 793 2834 sub
804 2783 888 2836 altum

125 2878 278 2942 700Pesius
288 2877 356 2932 abit:
372 2879 455 2932 reddit
465 2880 556 2950 specus
567 2879 616 2933 atti
625 2878 744 2933 vulneris
757 2881 854 2934 undam
