2036 3480
314 189 465 272 ‘Cirr
488 216 517 270 E
539 211 588 271 Χ.
763 209 842 299 209

98 349 211 404 Viribus
224 363 284 420 apta
295 352 366 419 suis,
383 354 579 417 Phoebadum,
595 351 684 404 ludere
696 352 800 420 gaudet.
834 347 876 424 '35

1 462 3 474 ¹
98 449 133 500 Et
144 463 174 500 tu
186 487 193 513 ,
213 449 299 503 [αιιᾶο
310 468 375 520 puer
387 491 394 515 ,
407 431 567 504 venerabilii
579 489 586 514 ‚
605 450 632 501 δι
642 447 690 500 ribi
700 461 782 501 certet

99 544 197 600 Gloria
208 563 366 616 perpetuum
377 547 445 600 lucis
455 547 576 600 mansura
588 561 636 614 per
646 559 734 596 aevuru
745 563 752 598 ε

97 643 132 694 Et
140 643 190 696 tibi
199 643 258 697 sede
268 642 313 713 pii
323 652 428 697 maneat
436 645 512 696 locus
524 681 531 706 ‚
545 642 572 694 u
587 640 636 693 ribi
645 641 736 710 sospes

97 739 196 794 Debita
206 741 292 794 felicis
304 753 468 794 memoretur
479 737 536 790 vita
547 755 594 806 per
605 753 705 801 annos,
794 727 796 732 ’

98 835 181 889 Grata
192 837 271 890 bonis
281 840 383 892 lucens.
395 837 445 888 Sed
456 851 507 888 nos
517 837 548 886 ad
560 848 648 902 coepta
657 835 780 890 feramur.
844 851 881 901 4ο

96 933 194 1001 Igneus
208 932 328 984 aetherias
338 931 391 998 jam
401 933 447 984 Sol
457 944 608 1000 penetrarat·
618 930 647 982 in
656 933 736 995 arcis,

99 1028 268 1098 Candidaque
281 1041 372 1081 aurato
384 1027 516 1097 quatiebat
527 1025 628 1078 lumina
640 1042 717 1078 curru
727 1065 738 1090 ,

101 1123 225 1176 Crinibus
238 1125 265 1176 δι
275 1123 360 1176 roseis
369 1122 489 1176 tenebras
499 1121 601 1174 Aurora
610 1121 724 1192 fugarat:

97 1219 245 1289 Propulite
256 1219 360 1273 stabulis
370 1222 402 1272 ad
413 1221 508 1288 pabula
518 1221 578 1272 leeta
587 1220 699 1288 capellas

98 1314 206 1378 Pastor,
221 1315 352 1370 &excelfi
362 1315 463 1368 montis
473 1314 534 1386 juga
544 1315 644 1368 summa
655 1305 770 1382 petivit:
845 1332 878 1384 45

97 1413 193 1466 Lurida
205 1413 256 1483 qui
267 1415 372 1483 patulos
384 1395 508 1466 velabant
519 1411 637 1482 gramina
646 1412 732 1464 collis.

97 1509 157 1563 Jam
167 1509 253 1578 sylvis
265 1509 403 1578 dumisque
415 1525 490 1579 vaga
502 1546 509 1572 ,
521 1507 576 1574 jam
586 1507 699 1560 vallibus
710 1507 807 1560 abdunt

98 1607 221 1673 Corpora
231 1623 237 1656 z
248 1602 353 1674 jamque
364 1604 439 1657 omni
448 1607 547 1658 celeres
560 1621 576 1658 e
590 1618 664 1674 parte
673 1618 801 1675 vagantes
899 1635 903 1646 ι

97 1702 211 1770 scrupea
221 1702 328 1756 desertae
337 1718 481 1773 perrepunt
492 1705 524 1756 ad
535 1719 600 1756 cava
612 1702 696 1771 rupis.

97 1799 254 1852 Tondentur
264 1815 359 1853 tenero
371 1802 514 1855 viridantia
527 1802 645 1872 gramina
656 1799 762 1853 morsu:
847 1815 882 1868 50

96 1895 211 1948 Pendula
222 1893 349 1963 proieeiis
361 1909 505 1963 carpuntur
520 1898 547 1948 dt
559 1899 649 1949 arbuta
661 1898 759 1950 ramis:

96 1995 240 2063 Densaque
251 1991 376 2062 virgultis
388 1990 466 2044 avide
476 1993 591 2046 labrusca
603 2007 737 2060 petuntur.

97 2091 162 2143 Haec
173 2087 296 2158 suspensa
307 2086 376 2155 rapit
387 2101 511 2162 carpente
525 2088 660 2140 cacumina
672 2089 764 2145 morsu

95 2187 150 2242 Vel
161 2184 247 2238 salicis
257 2184 336 2236 lenta
346 2220 354 2246 ,
366 2183 482 2251 vel'quae
493 2198 565 2235 nova
576 2183 691 2236 nascitur
700 2185 786 2239 alnus.

96 2283 162 2336 Hac
173 2295 277 2334 teneras
289 2279 414 2333 fruticum
424 2279 510 2332 sentes
520 2279 646 2333 rimatur:
659 2293 686 2332 at
696 2281 742 2335 ina
846 2294 875 2347 55

96 2378 224 2432 Imminet
232 2377 261 2430 in
270 2376 324 2430 rivi
335 2377 480 2446 praestantis
490 2376 614 2446 imaginis
623 2380 731 2434 undam,

97 2475 126 2528 0
135 2477 205 2528 bona
215 2473 326 2544 pastoris
338 2513 345 2538 ,
358 2473 446 2543 tiquis
458 2488 515 2526 non
524 2472 647 2542 pauperis
656 2473 734 2528 usum

97 2571 191 2624 Mente
200 2571 272 2638 priris
282 2569 359 2624 dotia
370 2568 482 2624 fastidiat
492 2609 500 2632 ,
512 2569 539 2622 da
546 2569 642 2636 probet
653 2567 707 2622 iuis

98 2665 201 2720 Omnia
209 2666 320 2720 luxuriae
329 2667 423 2734 pretiis
432 2664 569 2736 incognita
578 2664 666 2728 euris,

96 2767 165 2834 Quae
176 2764 291 2814 lacerant
299 2761 389 2815 avidas
400 2761 512 2815 inimico
523 2761 631 2830 pedore
643 2775 755 2820 mentes.
839 2761 876 2817 60

95 2863 126 2919 Si
137 2877 194 2917 non
202 2855 311 2929 Adyrio
322 2857 470 2920 fuerintiis
481 2859 552 2914 lauta
563 2860 674 2924 colore,
