2020 3462
276 190 658 283 LrasnIX.
777 203 830 308 89

82 357 234 430 Antiquutn
244 360 273 416 in
282 363 376 418 buten.
388 363 440 418 Hic
449 363 586 418 Dardanio
594 361 716 418 Anchise

82 456 209 528 Armiger
219 458 280 512 ante
288 459 357 525 fuit,
370 459 489 530 fidusque
503 461 536 514 ad
544 459 638 514 limina
647 458 755 512 crastose

84 554 157 606 Turn
167 556 296 610 comitem
304 557 418 610 Ascanio
427 572 503 626 parer
513 557 621 612 addidit.
630 559 686 611 Ibat
695 557 795 626 Apollo

85 650 191 706 Omnia
198 654 324 724 longave
334 653 426 706 fimilis
439 691 447 717 ,
459 669 624 722 vocemque,
634 656 805 723 coloremque
816 641 889 720 ,⁶50

84 747 118 799 Et
128 747 215 802 crines
225 751 319 814 albos,
335 751 362 803 δι
370 751 440 802 saeva
449 749 589 804 sonoribus
599 767 689 804 armat

86 844 176 914 Atque
186 844 228 898 his
238 848 373 900 ardentem
383 845 459 899 diuis
468 845 563 900 affatur
572 847 658 900 liilutn
669 866 676 900 ι

88 940 129 992 Sir
143 940 224 1006 satis,
240 941 350 996 AEneide
364 981 372 1008 ‚
384 942 445 998 telis
456 942 565 1012 impune
574 945 727 998 Numanum

87 1035 239 1106 Opperiille
247 1038 301 1093 tuis
316 1059 323 1092 ι
335 1040 450 1110 primatu
459 1041 527 1094 luant
538 1040 587 1092 tibi
596 1056 706 1112 magnus
715 1041 816 1110 Apollo

85 1134 219 1186 Concedit
230 1137 334 1188 laudem
346 1175 354 1200 ,
372 1137 399 1189 dr
408 1136 514 1205 paribus
524 1152 581 1190 non
592 1137 694 1190 invidet
705 1136 794 1192 armis.
834 1126 886 1195 ⁶55

87 1232 184 1282 Cetera
195 1247 291 1298 parce,
303 1247 378 1300 puer,
388 1233 468 1286 bello.
481 1231 525 1286 Sic
535 1231 610 1286 orsus
622 1233 723 1300 Apollo

86 1327 218 1380 Mortales
234 1327 324 1380 medio
336 1326 455 1398 asperius
465 1328 587 1382 sermone
598 1326 724 1398 reliquit,

85 1423 118 1474 Et
134 1425 229 1490 procul
241 1423 270 1476 in
282 1438 389 1476 tenuem
400 1439 436 1476 ex
446 1423 531 1477 oculis
544 1423 654 1477 evanuit
666 1439 766 1480 auram.

86 1521 232 1588 Agnovere
244 1521 334 1574 Deum
346 1537 469 1590 proceres
483 1519 626 1590 divinaque
638 1522 691 1574 tela

87 1617 261 1682 Dardanide,
271 1618 473 1687 pharetramque
484 1617 547 1690 lugd
560 1618 662 1672 sensere
676 1617 824 1672 sonantem.
837 1610 892 1664 660

88 1714 159 1782 Ergo
171 1714 279 1767 avidum
290 1730 386 1786 pugnae
398 1713 474 1768 diuis
483 1731 513 1768 ac
522 1715 632 1768 numine
642 1713 735 1768 Phoebi

86 1809 230 1862 Ascanium
239 1809 399 1880 prohibeutt
411 1809 460 1878 ipss
470 1810 499 1862 in
510 1809 653 1864 certamina
664 1809 751 1862 rursus

87 1907 254 1970 Sucoedunr,
267 1906 418 1975 animasque
430 1907 459 1960 in
471 1921 560 1976 aperta
569 1907 686 1976 pericula
696 1906 815 1962 mittunt.

124 2005 149 2056 It
159 2005 260 2056 clamor
272 2001 338 2056 totis
349 2019 397 2072 pet
407 2003 606 2072 propugnacula
617 2000 709 2079 muris.

86 2101 232 2154 Intendunt
243 2115 316 2152 actes
327 2115 402 2150 arcus
415 2136 423 2162 ‚
435 2111 592 2165 mentuque
604 2108 740 2164 torquent.
836 2095 887 2164 665

88 2194 222 2250 Sternitur
232 2210 312 2246 omne
322 2194 409 2248 solutu
420 2192 499 2246 telis:
514 2206 570 2245 turn
582 2193 654 2244 scuta
666 2207 790 2260 cavaque

89 2293 164 2346 Dant
174 2290 291 2344 sonitum
301 2289 375 2344 fliclu
385 2291 464 2359 galee
475 2329 483 2354 ,
495 2306 584 2360 pugna
597 2288 687 2356 aspera
697 2287 789 2360 surgit.

90 2391 215 2456 Quantus
226 2389 258 2440 ab
267 2387 361 2440 occasu
370 2387 483 2440 veniens
495 2387 655 2456 pluvialibus
667 2385 750 2438 hedis
796 2367 798 2373 Ι

88 2487 220 2540 Verberat
228 2483 311 2538 imber
317 2485 437 2544 humunu
445 2501 524 2553 quant
531 2482 612 2536 multi
620 2483 744 2552 grandine
752 2482 836 2536 nimbi

88 2584 121 2635 In
131 2583 200 2635 vada
210 2578 391 2650 praecipitant,
402 2579 462 2632 clim
471 2579 576 2648 Jupiter
586 2578 707 2632 horridus
718 2578 810 2634 aullris
836 2580 893 2644 670

88 2681 211 2750 Torquet
217 2676 483 2748 aquosamhyernetn,
492 2677 597 2728 &coelo
604 2692 668 2730 cava
674 2677 764 2732 nubila
770 2673 880 2746 rumpit.

89 2777 223 2833 Pandarus
236 2775 263 2828 δι
276 2772 358 2826 Bitias
368 2773 439 2824 ldaeo
448 2772 579 2825 Alcanore
589 2771 675 2838 creti,

91 2874 169 2942 Quos
182 2870 260 2930 lovis
269 2868 360 2928 eduxit
369 2869 431 2924 luco
442 2867 575 2942 sylvestris
589 2867 685 2934 Hiera,
