2036 3480
145 195 672 282 Svpiiimmvu.
737 205 838 309 285
926 253 928 256 ·

71 353 99 408 0
112 354 193 421 felix,
204 374 284 426 quem
293 373 365 412 tanta
377 375 485 414 manent
500 365 505 415 !
519 360 614 414 dehinc
625 377 689 431 pace
699 361 802 416 tenebis
854 351 856 357 ’

70 451 125 504 Sub
135 454 237 520 placida
246 471 353 524 gentem
362 457 486 514 Iliacam:
499 455 662 527 pdstseffus‚
676 459 703 511 δι
712 475 774 512 aevo
809 437 827 458 ⁵

70 550 218 604 Confesbus
228 554 334 606 tandem
344 554 444 624 Elysias
454 556 528 610 socer
537 555 586 608 ibit
595 557 628 610 ad
636 556 758 610 umbras:

70 649 200 702 Succedes
211 651 315 719 sceptro
329 669 425 723 ,atque
438 654 510 706 Italis
520 653 707 718 dominabere,
720 655 793 723 leges

73 750 239 802 Communes
251 750 413 819 Teucrisque
423 751 524 804 serens:
534 746 591 806 tuni
602 754 678 806 laetus
688 754 720 806 ad
732 756 815 806 ultum

70 847 113 898 Te
123 847 214 900 mittes
225 833 324 900 coelum
335 867 343 908 3
355 848 389 901 fic
398 847 446 901 ssat
454 849 584 904 sententia
595 850 709 906 Divum.

72 943 172 997 Dixit:
186 945 213 997 bt
224 944 285 996 inde
297 947 373 998 leves
384 946 488 1016 fugiens
499 947 525 998 se
537 947 616 1000 vexit
625 950 657 999 ad
665 963 751 1004 autes.

111 1041 207 1094 AEneas
215 1055 293 1094 tanto
305 1041 474 1110 stupesnsiam
483 1043 593 1096 numine
603 1058 721 1096 mentem

75 1141 230 1206 Perculsus,
243 1141 323 1194 Divae
333 1140 435 1210 peragit
447 1143 568 1194 mandata
579 1143 707 1210 parentis.
723 1131 725 1142 ¹
821 1201 823 1206 ,

40 1297 42 1300 ,
76 1239 109 1290 Et
118 1237 171 1304 jam
180 1238 345 1307 compositos
354 1237 427 1290 felici
437 1238 465 1290 in
474 1255 539 1307 pace
549 1241 655 1308 tegebar

75 1336 256 1388 Dardanidas:
272 1335 300 1386 δι
309 1333 364 1400 jam
374 1335 502 1387 decedens
507 1335 615 1404 sceptra
626 1335 736 1390 Latinus

76 1433 217 1503 Liquerat,
228 1433 256 1484 &
266 1431 327 1500 pius
339 1430 436 1484 AEneas
444 1416 620 1496 successerat,
635 1446 744 1486 omnem

12 1555 13 1562 1
76 1530 223 1584 Ausoniam
234 1570 242 1594 ,
252 1529 357 1598 latique
369 1544 466 1598 potens
478 1529 581 1582 ditione
591 1532 706 1585 tenebat.

77 1627 92 1682 J
95 1645 137 1682 am
147 1628 252 1697 paribus
262 1627 380 1698 Phryges
391 1667 399 1692 ‚
414 1642 493 1698 atque
503 1627 563 1686 uati
572 1627 599 1681 se
610 1628 728 1681 moribus
738 1625 809 1681 ultro
820 1666 828 1693 ,

78 1727 111 1778 Et
123 1725 194 1778 socia
205 1725 309 1794 ingenti
318 1723 458 1778 firmabant
469 1725 578 1794 pesiora
589 1742 700 1792 amore,

81 1824 267 1892 Concordique
279 1840 367 1890 aequas
377 1822 520 1875 miscebant
529 1823 630 1876 foedere
639 1824 711 1892 leges
723 1841 732 1882 3

80 1923 152 1976 Tum
165 1920 254 1973 medio
266 1919 361 1970 Venus
373 1918 507 1971 exsultans
518 1920 544 1972 se
556 1919 665 1973 immisit
677 1921 800 1990 Olympo

58 2069 62 2074 .
81 2019 150 2071 Ante
161 2018 278 2072 Jovem:
291 2015 318 2068 δι
329 2016 470 2084 complexa
481 2017 608 2084 pedes‚fic
620 2034 667 2072 ore
676 2021 766 2070 locuta
776 2015 830 2072 esi:
942 2035 946 2046 ·

83 2115 266 2183 Omnipotens
278 2111 385 2182 genitor
398 2147 406 2175 ,
418 2110 466 2180 qui
477 2112 549 2166 solus
559 2115 590 2165 ab
602 2115 698 2166 aethere
708 2114 813 2166 summo

84 2212 184 2268 Cnosia
190 2227 287 2266 moves
296 2228 303 2261 ε
311 2207 358 2277 qui
366 2224 407 2260 res
413 2207 564 2273 hominum,
572 2212 696 2280 curasque
702 2211 831 2264 recenses:

12 2335 14 2342 v
84 2312 157 2364 Dum
170 2311 290 2362 Teucros
299 2305 414 2358 traheret
423 2304 532 2356 fortuna
540 2304 666 2370 inimica,
679 2309 821 2372 recordor,

85 2407 237 2476 spondebas
249 2403 331 2456 finem
343 2394 468 2455 aerumnis
479 2437 487 2462 ‚
499 2403 626 2472 rebusque
640 2405 759 2460 salutem.

85 2507 143 2556 Nec
153 2519 197 2560 tua
209 2521 252 2556 me
264 2499 390 2572 promissa
401 2539 409 2564 ‚
421 2513 510 2568 pater,
524 2499 653 2568 sententia
664 2502 748 2556 saliit:
810 2497 811 2502 ’

86 2601 208 2668 Namque
217 2615 312 2653 omnes
322 2599 435 2670 gaudere
445 2579 516 2651 sacri
527 2611 580 2650 tres
590 2615 655 2667 pace
665 2615 713 2666 per
722 2615 807 2655 annos

86 2697 221 2750 Viderunt
231 2697 305 2749 Italae
316 2699 393 2750 nullo
402 2694 554 2750 discrimine
565 2711 670 2765 partes:

88 2793 192 2848 uerum
203 2794 236 2846 ad
245 2793 337 2846 siderei
346 2794 482 2848 missurum
491 2795 608 2848 culmina
616 2795 680 2848 coeli

89 2889 230 2956 Pollicitus
242 2907 368 2962 magnum
376 2891 506 2963 AEueent,
518 2895 696 2966 meritumque
705 2891 804 2950 fetebas
