2036 3480
183 844 350 973 Uetto,
365 910 469 976 Tucca,
482 905 531 964 tsoi
540 907 632 974 venir,
644 909 689 962 sed
698 909 767 979 saepe
775 910 869 965 videre

219 1007 285 1062 Non
295 1005 377 1061 licet:
389 1009 519 1062 occulitur
530 1007 624 1060 limine
633 1008 719 1060 clausa
726 1006 791 1062 viri.

184 1102 265 1158 Delia
274 1105 342 1175 saepe
353 1103 420 1170 tibi,
433 1121 489 1158 non
497 1102 574 1158 venit
585 1105 669 1157 adhuc
678 1103 745 1156 mihi
755 1123 762 1158 :
774 1120 894 1175 namque

222 1201 251 1254 Si
262 1201 411 1267 occulitur,
425 1200 507 1272 longe
516 1199 568 1265 est,
581 1214 689 1272 tangere
699 1202 771 1273 quod
780 1217 911 1272 nequeat.

149 1309 162 1362 ς
183 1297 300 1356 Venerit
308 1313 353 1353 aut
362 1299 429 1361 tibi,
441 1300 486 1354 sed
494 1298 548 1366 iam
556 1297 610 1364 iam
619 1298 688 1352 mihi
699 1297 808 1354 nuntius
821 1298 870 1354 iste

221 1395 294 1464 Quid
304 1394 429 1466 prodest?
440 1394 483 1452 illi
491 1395 590 1460 dicito,
602 1414 661 1468 quae
672 1396 761 1453 rediit.

183 1541 388 1598 Corinthiorum
398 1557 500 1597 amator
511 1543 557 1598 iste
568 1545 712 1598 verborum
723 1583 731 1610 ‚

183 1639 233 1692 Iste
242 1639 288 1693 iste
298 1642 389 1695 rhetor
399 1660 406 1695 :
418 1659 533 1711 namque
545 1655 673 1710 quatenus
683 1655 756 1696 totus

182 1737 351 1806 Thucycides
360 1751 488 1807 tyrannus
500 1736 595 1790 Atticce
604 1737 683 1792 febris
694 1777 702 1803 ,

75 1825 79 1828 ’
130 1823 165 1862 ¹⁰
183 1833 242 1886 Tau
254 1832 387 1887 Gallicum
397 1834 479 1902 spinae
489 1833 602 1904 ipsemet
609 1833 681 1888 male
690 1833 778 1900 illisit,

182 1929 232 1984 Ista
244 1932 335 1984 omnia
348 1971 356 1996 ‚
371 1931 418 1985 isto
427 1933 510 1986 verba
519 1931 626 1985 miscuit
635 1929 720 1986 fratri.

183 2031 266 2083 Socer
273 2031 349 2086 beate
361 2045 411 2083 nec
422 2028 472 2083 tibi
482 2068 490 2094 ,
502 2044 552 2082 nec
561 2028 654 2095 alteri,

183 2127 327 2198 Generque
338 2125 473 2180 Noctuine
485 2166 493 2190 ,
504 2125 627 2195 putidum
636 2139 733 2195 caput,

83 2217 85 2222 ’
181 2225 360 2277 Tuonenunc
369 2223 526 2292 pueuaralis
539 2262 547 2287 ‚
561 2223 615 2276 heu
625 2237 674 2278 tuo
706 2213 710 2221 ’

129 2322 158 2374 ¹5
182 2321 297 2390 Stupote
309 2319 392 2390 pressa
404 2338 448 2374 rus
458 2319 559 2374 abibit?
571 2321 617 2374 hei
626 2321 694 2374 mihi

181 2421 221 2473 Ut
230 2419 276 2472 ille
285 2419 377 2478 versus
386 2419 574 2489 usquequaque
585 2419 711 2487 pertinet.

181 2513 291 2581 Gener,
307 2517 455 2586 socerque,
471 2514 619 2586 perdidistis
629 2514 730 2569 omnia.

72 2655 74 2660 ,
181 2615 297 2681 Superbe
306 2611 589 2681 Noctuine‚putidum
598 2591 691 2681 caput}

180 2711 268 2764 Datur
277 2711 326 2764 tibi
335 2713 441 2781 puella,
453 2726 533 2780 quam
543 2708 628 2778 petis,
640 2710 734 2773 damr‚'

57 2781 59 2786 ,
130 2815 164 2854 20
182 2809 287 2873 Datur,
300 2809 411 2877 superbe
421 2807 572 2874 Nostrone,
587 2823 666 2878 quam
676 2805 745 2876 petis
755 2823 763 2861 t

182 2899 251 2963 Sed,
268 2898 405 2969 &superbe
416 2897 570 2965 Noctuine,
587 2914 643 2954 non
651 2895 728 2952 vides
