2020 3462
132 109 877 226 affimfflfflm

179 267 222 350 A
246 261 350 348 RG
379 262 558 348 UME
582 263 692 348 NT
717 261 865 348 UM¹

272 403 440 475 LIBRI
475 401 735 478 OCTAVI.

137 507 340 645 TURNUS
357 571 517 638 Venulum
537 570 584 637 ad
594 569 786 638 Diomedem
805 569 883 640 mit·

133 667 198 752 tit,
223 687 260 736 ut
284 690 353 734 eum
377 670 423 736 ad
446 669 519 735 belli
533 666 717 760 societatem
743 667 881 738 alliciat.

135 765 294 848 AEneas,
320 761 471 854 Tyberini
493 763 597 862 fluvii
625 765 788 853 monitu,
822 765 888 836 iter

134 863 240 930 eodem
275 859 405 958 confilio
426 860 563 954 suscipit
593 863 641 928 ad
665 863 881 951 Evandrum,

134 959 189 1052 qui
200 984 241 1027 ex
253 959 397 1028 Arcadia
404 959 557 1052 profugus
570 960 606 1026 in
615 959 769 1026 Palatino
782 984 881 1028 mon-

135 1077 165 1124 te
189 1055 378 1148 consederat.
403 1057 586 1140 Evander,
601 1055 707 1147 sacris
733 1054 883 1126 Herculis

136 1175 203 1222 tum
231 1153 399 1239 intentus,
418 1155 560 1222 AEneam
585 1153 692 1244 iisdem
717 1153 882 1224 adhibet:

137 1273 240 1318 eornm
259 1251 411 1344 originem
434 1253 536 1320 edocet
557 1299 567 1334 ,
592 1248 881 1340 viiloriamscilicet

138 1346 281 1418 Herculis
300 1349 338 1416 de
361 1348 445 1416 Caco
463 1399 474 1433 ,
499 1348 635 1442 regionis
653 1348 743 1416 illius
762 1344 882 1443 instgni

138 1445 215 1512 olim
224 1447 384 1535 praedone.
406 1443 487 1513 Turn
510 1447 650 1513 AEncam
667 1445 882 1536 quadringen-

137 1561 237 1610 torum
250 1539 536 1637 equitumsttbstdio
542 1541 644 1629 javat
655 1567 668 1610 .·
680 1541 788 1632 iisdem
802 1541 884 1610 Pal·

136 1641 257 1708 lantem
265 1637 374 1729 filium
393 1639 525 1728 proficit
538 1663 550 1708 .·
563 1639 705 1708 AEtteam
725 1639 772 1706 ad
795 1637 882 1729 Tyr·

136 1735 246 1804 ricenos
260 1785 272 1819 ,
292 1735 421 1827 expresso
436 1735 617 1829 Mezentio,
639 1759 735 1829 regern
743 1735 881 1826 poscere·

138 1852 183 1900 tes
197 1881 209 1916 ,
222 1857 292 1900 corn
309 1852 389 1900 certa
408 1835 493 1926 regni
511 1834 686 1926 auxt'lia'que
694 1833 754 1924 spe
774 1832 881 1902 dimit·
994 1895 995 1900 ,

135 2026 351 2120 ίτιιιηίειιιιιιίο
390 2030 496 2098 umine
506 2029 553 2096 ad
552 2027 634 2121 sitos
645 2027 775 2118 remissa*
783 2078 796 2112 ‚
811 2051 882 2095 eum

139 2127 240 2194 altera
263 2123 348 2214 Tyri
424 2127 536 2196 sadit.
557 2125 689 2194 Interim
704 2127 812 2194 Wreus
827 2149 881 2194 ar·

66 2273 73 2280 .
117 2267 121 2278 ·
139 2246 193 2287 rna
208 2221 387 2313 AEnetesuo
403 2220 503 2311 desert
515 2269 526 2304 ,
540 2247 562 2288 a
586 2222 881 2314 Valeanosobrictt·

138 1929 190 2000 tit.
208 1929 333 1998 AEneas
346 1929 523 2194 Zridie,
540 1952 631 2021 parte
649 1933 747 1998 alceta
770 1930 881 2019 copia·

139 2338 207 2386 ta:
231 2321 373 2409 clypeum
396 2319 433 2386 ire
447 2319 583 2409 primis,
612 2319 733 2411 inquo
757 2319 882 2388 AEneos
992 2315 993 2341 ¹

139 2440 184 2483 res
213 2415 361 2505 preclari
392 2417 470 2484 oiim
498 2417 650 2509 gerendas
673 2443 695 2484 a
721 2417 883 2486 Romanis

133 2510 263 2609 postris
276 2511 359 2579 mini
370 2537 435 2582 one
447 2517 571 2581 calatas
585 2513 775 2582 admiratur.
791 2512 881 2580 Prte-

138 2610 248 2699 cipuus
260 2633 295 2678 eo
308 2611 344 2678 in
359 2634 445 2699 opere
458 2613 544 2678 locus
555 2609 596 2706 est
609 2609 776 2707 Augusto,
790 2607 884 2697 cujus
898 2691 902 2696 Ι

137 2707 291 2800 egregiam
303 2708 340 2773 de
353 2707 507 2775 Antonio
523 2703 556 2778 fr
572 2705 738 2796 Cleopatra
751 2707 881 2798 AEgyp-
990 2745 991 2752 κ

136 2803 163 2868 ti
184 2805 294 2895 regina
314 2802 501 2889 viciniam,
533 2803 745 2892 triplicemque
768 2807 882 2884 trirem-¹

127 2899 229 2986 piram
250 2899 434 2991 diligentiis
445 2903 546 2991 poita
566 2900 720 2991 describit.
