2036 3476
184 220 238 303 92
378 191 732 278 AEunrnor

183 358 303 412 Demens
315 359 322 414 !
335 357 382 430 qui
390 361 518 414 Runtlunt
527 359 556 413 in
566 360 656 416 medio
663 377 719 416 non
724 359 830 431 agmine
835 375 927 431 regern

184 452 291 508 Viderit
302 455 507 526 irrumpentem,
517 460 641 528 ultroque
653 457 787 512 incluserit
797 457 856 511 urbi
868 495 877 523 ‚
938 463 941 470 '

129 551 337 607 7l0lmmanem
347 553 433 606 veluti
444 549 541 622 pe'cora
553 554 623 608 inter
634 555 729 608 inertia
740 553 841 625 tigrim.

186 649 323 704 Continuo
335 666 408 704 nova
416 653 465 704 lux
473 652 559 706 octdis
571 652 676 706 obsullit
687 693 696 717 ‚
709 654 736 706 δι
746 669 818 706 arma

186 727 354 801 Horrendilm
366 750 477 804 sonuere
487 769 495 804 t
507 763 625 804 tremum
636 749 665 802 in
676 749 776 804 vertice
789 748 871 803 crisie

185 843 340 914 Sanguineae
351 883 358 909 ‚
371 848 521 916 clypeoque
530 845 655 900 micantia
666 845 768 914 fulgura
777 845 897 898 mittunt.

185 941 340 1010 Agnoscunt
350 943 444 996 faciem
456 943 570 998 invisam
581 957 660 1013 atque
672 941 798 996 immania
809 941 927 996 membra

130 1041 180 1096 735
191 1036 300 1090 Turbati
312 1037 399 1092 subito
410 1039 543 1094 AEneadae.
555 1041 626 1094 Tum
637 1041 767 1092 Pandarus
777 1039 871 1108 ingens

186 1134 306 1199 Emicat,
319 1135 346 1188 δι
357 1135 452 1188 mortis
464 1136 584 1188 fraterna
594 1134 712 1188 fervidus
725 1134 765 1188 ira

187 1229 287 1284 Effatur
299 1251 306 1284 t
318 1233 382 1285 Non
392 1232 449 1284 hec
459 1230 555 1284 dotalis
566 1231 639 1301 regia
647 1232 764 1296 Amata,

188 1328 244 1380 Nec
255 1328 338 1382 muris
349 1328 456 1382 cohibet
463 1327 556 1398 patriis
565 1328 651 1382 media
659 1329 745 1381 Ardea
753 1328 884 1382 Turnum.

190 1424 278 1478 Castra
289 1424 396 1478 inimica
406 1424 500 1479 vides:
511 1427 582 1480 nulla
591 1424 653 1477 binc
662 1423 736 1478 exire
748 1421 872 1492 potestas.

133 1531 187 1580 740
195 1521 252 1574 Olli
263 1522 397 1574 subridens
408 1522 497 1574 sedato
507 1521 614 1589 pesiore
624 1521 729 1573 Turnus
738 1540 745 1573 :

188 1618 297 1700 Incipe,
313 1619 332 1670 fi
344 1635 393 1687 qua
405 1617 496 1670 animo
505 1617 606 1698 virtus,
617 1618 644 1670 δι
652 1617 761 1670 consere
772 1619 910 1672 dextram:

189 1715 241 1768 llic
253 1715 333 1768 etiam
345 1715 484 1768 inventum
494 1714 599 1768 Priamo
608 1714 723 1768 narrabis
733 1713 874 1768 Achillem.

188 1811 304 1864 Dixerat
314 1830 322 1872 ;
337 1811 382 1864 ille
391 1812 483 1863 rudem
494 1809 573 1864 nodis
585 1811 613 1862 δι
621 1811 720 1864 cortice
730 1813 811 1864 crudo

189 1908 328 1976 lutorquet
340 1945 348 1970 ,
365 1905 474 1960 summis
486 1906 597 1960 adnixus
608 1905 725 1971 viribus,
740 1907 848 1961 ballam

135 2017 184 2068 745
194 2005 329 2074 Excepere
339 2021 408 2056 aura
418 2005 533 2056 :vulnus
545 2003 665 2056 Saturnia
676 2003 749 2058 Juno

184 2101 309 2155 'Detorsit
318 2100 445 2164 veniens,
458 2115 594 2170 portaque
604 2099 723 2170 infigitur
730 2099 810 2154 hasta.

190 2199 226 2250 At
235 2215 292 2251 non
299 2198 352 2250 hoc
361 2199 442 2251 telutn
453 2236 462 2260 ‚
473 2213 532 2248 mea
543 2197 615 2266 quod
625 2195 656 2248 vi
666 2197 773 2250 dextera
782 2195 885 2260 versat,

190 2293 322 2364 Effugies3
335 2308 420 2362 neque
430 2291 502 2344 enim
512 2291 535 2344 is
546 2290 593 2343 teli
602 2307 653 2344 nec
662 2292 781 2345 vulneris
791 2293 893 2347 tuebor.

190 2390 234 2442 Sic
245 2391 300 2454 ait,
313 2389 479 2442 &sublatum
490 2386 542 2442 alte
553 2387 688 2458 consurgit
697 2387 726 2440 in
737 2390 844 2444 ensem:

135 2489 227 2554 750Et
239 2488 353 2540 mediam
365 2487 435 2540 serto
447 2487 553 2556 gemina
564 2485 633 2538 inter
644 2500 765 2554 tempora
777 2487 893 2542 frontem

190 2583 314 2644 Dividit,
326 2582 495 2652 impubesque
507 2581 617 2634 immani
625 2583 737 2634 vulnere
746 2584 838 2636 malas.

191 2681 232 2736 Fit
244 2680 324 2733 sonus
337 2719 345 2743 ‚
361 2677 462 2748 ingenti
472 2676 593 2730 conculsa
602 2677 639 2730 est
650 2679 767 2746 pondere
778 2680 875 2732 tellus:

192 2778 330 2844 Collapsos
340 2789 411 2828 arms
422 2789 501 2844 acque
509 2791 581 2826 arma
589 2788 696 2827 cruenta
707 2775 815 2827 cerebro

191 2872 290 2928 sternit
300 2871 375 2926 humi
384 2869 501 2924 moriens
512 2889 520 2932 3
533 2885 611 2942 atque
623 2869 663 2924 illi
673 2869 790 2941 partibus
801 2872 885 2941 equis
