2036 3480
204 217 279 302 192
344 191 742 278 'AENEJDOS

140 355 194 408 620
201 355 253 409 Hei
263 357 332 410 mihi
344 363 350 412 !
364 359 427 428 quid
437 374 513 412 tanto
523 360 660 412 turbantur
672 356 774 410 moenia
784 353 876 410 ludin?

196 453 299 519 Quisve
309 457 362 508 ruit
370 471 458 509 tantus
469 457 572 508 diversa
582 458 682 509 clamor
691 457 721 508 ab
731 455 811 507 urbe?

194 549 239 603 Sic
250 552 304 616 ait,
322 553 488 622 addufflsque
502 569 593 606 amens
602 551 839 605 subiistithabenis.

149 633 151 638 ¹
194 648 281 718 Atque
290 649 409 714 huic,in
418 651 512 704 faciem
522 652 599 705 soror
607 665 638 704 ut
647 650 775 704 conversa
784 649 895 704 Metisci

193 741 298 814 Aurigae
309 785 316 809 ‚
333 762 491 816 currumque
503 749 623 818 &equos
634 750 660 802 δι
668 750 726 801 lora
736 748 856 817 regebat,

137 841 187 907 625
197 840 305 894 Talibus
315 833 434 896 occurrit
441 845 518 898 dietis
529 863 536 898 r
547 843 604 896 Hac
616 833 724 909 ‚Turne
734 883 741 907 ‚
752 843 896 912 sequamur·

191 939 357 1010 Troiugenas
368 983 376 1006 ‚
395 942 446 1012 qui
455 943 542 1011 prima
553 943 626 995 viam
637 939 751 994 vidioria
762 940 865 1008 pandit.

191 1037 259 1089 Sunt
270 1037 316 1091 alii
328 1078 336 1103 ,
353 1039 400 1108 qui
412 1033 480 1092 tedia
492 1055 572 1092 manu
584 1039 722 1093 defendere
739 1035 854 1106 poffint:

190 1133 294 1204 Ingruit
304 1136 403 1190 AEneas
414 1137 488 1191 Italis
500 1177 508 1202 ‚
525 1134 656 1207 &proelia
666 1135 757 1188 miscet
767 1154 776 1195 ;

190 1232 223 1284 Et
234 1249 285 1286 nos
295 1234 364 1287 saeva
377 1251 458 1288 manu
467 1234 604 1287 mittamus
615 1235 706 1287 funera
717 1231 837 1288 Teucris.

135 1329 151 1380 6
155 1331 251 1395 30Nec
263 1348 375 1384 numero
387 1331 516 1397 inferior,
531 1347 627 1402 pugne
637 1347 686 1385 nec
696 1331 800 1384 honore
809 1331 929 1388 recedes.

226 1426 333 1480 Turnus
342 1429 375 1480 ad
382 1430 455 1483 haec:

191 1522 218 1576 O
231 1522 325 1588 soror,
344 1525 370 1578 δι
382 1526 479 1579 dudunt
491 1526 609 1597 agnovi,
626 1527 685 1580 crint
697 1525 783 1596 prima
793 1543 842 1596 per
850 1541 936 1581 artem

189 1622 295 1674 reuera
305 1607 429 1687 nabadi,
446 1625 822 1693 tequenaecinuenaueaiffi:

189 1717 221 1769 Et
231 1734 301 1770 nunc
311 1719 487 1788 nequicquam
495 1719 565 1773 fallis
575 1723 650 1775 Dea:
662 1721 706 1776 sed
717 1721 776 1790 quis
788 1723 906 1790 olympo

132 1811 182 1878 635
193 1813 338 1868 Demifl'anr
350 1829 438 1869 tantos
451 1815 540 1869 voluit
549 1816 652 1871 referre
662 1819 765 1871 labores
776 1819 786 1870 ἓ

187 1911 230 1963 An
242 1913 329 1966 fratris
341 1912 430 1966 miseri
442 1913 544 1966 lethum
552 1929 585 1966 ur
592 1915 696 1966 crudele
706 1912 831 1967 videres?

148 2070 157 2090 ἢ
187 2009 934 2080 Numquidagotautquaejamsponderfortunasalutem?

147 2169 149 2176 y
186 2105 252 2159 Vidi
264 2109 358 2161 oculos
368 2122 430 2160 anre
439 2107 495 2176 ipse
505 2123 580 2160 meos
591 2121 634 2158 me
642 2121 712 2160 voce
722 2119 868 2158 vocantem

187 2203 360 2258 Murrhanum
371 2245 379 2270 ‚
395 2223 450 2276 quo
462 2221 519 2257 non
529 2205 633 2273 superat
642 2203 709 2256 mihi
719 2203 805 2258 carior
816 2205 900 2268 alter,

128 2300 183 2363 640
190 2299 327 2369 Oppetete
337 2301 488 2371 ingentem,
499 2317 577 2370 atque
585 2299 686 2370 ingenti
694 2303 807 2354 vulnere
815 2299 931 2355 vidium.

185 2395 293 2450 Occidit
302 2397 416 2461 infelix,
432 2413 466 2450 ne
476 2395 593 2450 nostrum
604 2397 715 2450 dedecus
725 2397 809 2452 Ufens
998 2391 999 2400 ³

182 2495 320 2563 Aspiceret
330 2515 337 2549 ι
348 2495 445 2548 Teucri
454 2495 595 2563 potiuntur
604 2511 716 2562 corpore
730 2495 757 2547 δι
768 2492 859 2548 armis.

182 2590 340 2646 Exscindine
351 2595 446 2646 domos
457 2596 467 2660 (
480 2592 507 2644 id
515 2593 592 2646 rebus
604 2592 799 2662 defuitunum)
996 2621 997 2671 r

182 2687 335 2756 Perpetiar,
352 2687 443 2743 dextri
457 2705 505 2741 nec
517 2687 630 2742 Drancis
640 2687 709 2742 dista
719 2689 858 2744 refellam?
994 2697 996 2807 ἱ

125 2785 928 2859 645Tergadabo?&Turnumfugientemhaecterravidebit?
993 2789 994 2792 ’

183 2886 272 2956 Usque
282 2887 385 2942 adeone
392 2884 462 2939 mori
469 2883 824 2944 miserumestivosimihi
831 2883 929 2936 Manes

865 2979 924 3034 Este
