2020 3462
185 171 301 249 40,
381 139 722 245 AEnarnos

178 293 324 366 ⁴Dardanus
334 311 420 368 iliacae
433 311 535 382 primus
547 326 622 382 parer
631 309 703 364 urbis
716 309 743 362 dt
754 303 848 362 audior
857 311 868 372 ;
875 342 877 346 ·

132 409 180 466 135
189 402 308 473 Eleate}
319 423 350 462 ut
362 407 438 462 Graii
452 407 605 477 perhibent,
615 405 749 460 Atlantide
760 419 867 469 cretus,
958 469 962 476 .

164 526 167 532 ‚
185 504 333 558 Advehitur
341 505 459 558 Teucros
472 525 479 558 ε
492 505 621 558 Eledtr'am
630 503 763 556 maximus
772 503 847 556 Atlas

185 601 290 666 Edidit,
306 603 560 656 aethereos'humero
572 603 618 672 qui
635 601 742 656 sustinet
754 601 841 653 orbes.

184 698 273 751 Vobis
284 699 431 752 Mercurius
444 701 518 768 patet
527 699 563 752 est
575 740 582 765 ,
595 715 675 769 quern
686 696 793 752 eandida
802 695 876 749 Maia

187 797 306 866 Cyllenae
316 797 404 866 gelido
414 810 573 865 conceptum
582 794 684 848 vertite
693 794 769 850 fudit.

133 867 227 952 145At
239 893 354 958 Maiam,
366 893 491 946 auditisfi
502 894 645 964 quicquam
656 892 802 956 credimus,
813 891 904 954 Atlas,

186 991 260 1043 Idem
269 991 343 1042 Atlas
353 1004 478 1060 generat,
496 990 560 1043 coeli
571 990 618 1059 qui
627 989 708 1042 sidera
717 989 798 1042 tollit.

186 1085 231 1139 Sic
240 1103 322 1156 genus
334 1088 473 1156 amborum
482 1087 576 1140 scindit
586 1087 612 1140 se
623 1084 748 1156 sanguine
757 1087 788 1137 ab
797 1101 862 1137 uno.

187 1182 238 1234 ldis
248 1183 348 1247 fretus,
362 1199 418 1258 non
426 1185 549 1254 legatos,
564 1199 651 1250 neque
662 1181 749 1250 prima
760 1197 807 1250 per
818 1194 902 1232 artem

187 1279 363 1334 Tentamenta
372 1280 412 1333 nti
422 1278 514 1349 pepigi
523 1297 532 1340 ·,
542 1295 585 1331 nte
597 1295 640 1330 me
653 1278 723 1346 ipse,
736 1293 879 1345 meumque

135 1387 184 1442 145
195 1376 290 1444 Obieci
300 1393 396 1448 caput,
411 1377 437 1429 δι
448 1377 561 1445 supplex
570 1377 602 1427 ad
610 1374 703 1428 limina
712 1373 787 1426 veni.

189 1473 265 1527 Gens
277 1475 385 1539 eadem,
399 1450 494 1544 quate
503 1472 602 1526 crudeli
611 1470 717 1524 Daunia
725 1473 797 1523 bello

123 1609 126 1618 Δ
188 1571 352 1640 Insequitur,
365 1587 415 1623 nos
427 1571 575 1638 spellam,
587 1569 654 1621 nihil
666 1569 758 1621 abfore
769 1567 896 1632 credunt,

189 1663 951 1736 Quinomnemflesperiampenitussuasubiugamittant·¹
992 1675 993 1678 ’

189 1764 221 1815 Et
231 1779 301 1815 mare
312 1761 470 1832 quodsuprti
479 1775 603 1826 teneant,
616 1763 740 1830 quodque
752 1761 827 1814 alluit
837 1759 914 1814 infra.

138 1862 296 1929 tsodoeipe
306 1897 314 1923 ‚
326 1861 410 1928 daqtre
421 1857 502 1912 fidem
512 1878 519 1912 ε
530 1857 591 1911 sunt
603 1857 680 1911 nobis
692 1858 772 1911 fortia
780 1859 852 1912 bello

173 1990 177 1996 ·
190 1955 299 2012 Pediora
309 1995 317 2021 ‚
327 1957 387 2010 sunt
395 1955 498 2020 animi,
513 1957 539 2009 δι
550 1957 627 2008 rebus
636 1955 750 2024 spesdata
761 1954 898 2022 juventus.

226 2055 340 2108 Dixerat
350 2053 447 2108 AEneas
458 2073 465 2108 :
475 2053 521 2106 ille
531 2069 578 2116 os,
589 2051 734 2121 oculosque
743 2034 880 2121 lorpuentis

190 2142 842 2218 J'amdudumertommlustrabnlumineeorpus.

190 2250 261 2301 Tum
271 2247 305 2300 sic
316 2261 397 2316 pauca
406 2247 504 2299 refert:
514 2247 588 2298 Utte
598 2283 607 2308 ,
618 2243 756 2299 sortiffime
767 2245 916 2312 Teutrdm,

138 2361 186 2416 155
195 2343 326 2414 Accipio,
342 2342 510 2413 agnoscoque
520 2341 606 2394 libens
618 2345 624 2395 !
635 2343 755 2394 utverha
764 2342 881 2410 parentis

191 2445 330 2497 Ervocem
340 2441 460 2494 Anchisa
469 2438 726 2509 magnivultumque
735 2442 880 2496 recordor!

191 2543 261 2595 Nam
270 2538 381 2594 memini
391 2539 514 2592 Hesiona
524 2537 657 2590 visentem
666 2551 747 2607 regna
757 2536 859 2590 sororis

192 2639 436 2694 Laomedontiaden
444 2635 576 2688 Priamum
587 2673 594 2698 ‚
604 2633 737 2687 Salamina
745 2647 880 2704 petentem
891 2674 899 2700 ‚

191 2737 318 2791 Protinus
327 2734 444 2787 Arcadia
454 2733 556 2802 gelidos
567 2731 683 2784 invisere
695 2730 774 2785 fines.

140 2836 192 2892 160
197 2835 267 2890 Tum
277 2831 344 2886 milri
355 2830 436 2905 prima
446 2845 525 2902 genas
534 2827 646 2884 vestibat
655 2826 722 2884 flore
733 2826 864 2895 juventa,
