2036 3476
224 193 641 279 LreanIX.
758 219 806 307 93

69 357 128 410 lluc
138 372 219 426 caput
229 372 308 428 atque
318 359 381 412 illuc
390 359 502 412 humero
508 375 544 412 ex
550 373 664 429 utroque
670 359 804 429 pependit.
816 370 865 423 755

103 453 262 524 Diffugiunt
271 457 340 508 verli
352 456 454 526 trepidi
463 456 604 510 formidine
617 457 712 513 Troia.

70 551 118 613 Et,
131 550 152 602 ii
164 549 295 604 continuo
306 551 438 604 victorem
447 569 478 604 ea
489 569 549 604 cura
559 552 664 606 subisset

69 647 206 716 Rumpere
213 648 320 703 claustra
326 665 416 713 manu,
422 649 561 720 sociosque
568 650 711 704 immittere
718 649 814 719 porris,

68 744 191 796 Ultimus
202 745 247 797 ille
259 746 314 798 dies
324 747 395 799 bello
405 747 530 816 gentique
539 745 634 800 fuiiiet.

69 841 123 893 Sed
134 841 209 896 furor
220 843 354 897 ardentem
364 842 492 914 caedisque
502 843 591 897 insana
601 844 698 913 cupido
815 843 871 908 760

70 937 133 1007 Egit
142 937 171 989 in
182 939 315 993 adversos.

69 1033 208 1103 Principio
217 1034 367 1099 Phalarim,
381 1035 519 1089 &succiso
530 1037 635 1107 poplite
647 1037 746 1108 Gygen

70 1131 179 1200 Excipit
189 1150 198 1193 ;
209 1131 271 1186 hinc
281 1147 368 1201 raptas
380 1131 541 1203 fugientibus
553 1132 650 1205 ingerit
658 1135 741 1188 hastas

69 1231 102 1281 In
111 1242 216 1299 tergum
227 1247 234 1281 ε
244 1228 315 1283 Juno
326 1230 398 1284 vires
410 1230 581 1300 animumque
592 1231 729 1287 ministrat.

69 1325 152 1378 Addit
162 1325 253 1396 Halyn
262 1326 404 1391 comitem,
415 1328 442 1380 δι
453 1327 591 1380 confixum
598 1327 701 1399 Phegea
710 1328 809 1399 parmi:
816 1323 866 1390 765

69 1423 182 1492 Ignaros
191 1422 285 1478 deiude
296 1423 325 1476 in
334 1424 416 1478 muris
429 1425 614 1494 ‚Martemque
627 1425 744 1491 cientes,

69 1520 871 1594 Alcandrumque,fla1iumque‚Noemonaquel’ryenimquer

72 1617 180 1686 Lyncea
186 1613 337 1670 tendentem
346 1618 453 1682 contari,
463 1619 601 1691 sociosque
610 1636 752 1676 vocantem

75 1712 200 1766 Vibranti
210 1713 298 1783 gladio
308 1714 438 1766 connixus
451 1716 482 1768 ab
493 1733 585 1786 aggere
597 1718 689 1770 dexter

75 1811 198 1880 Occupat
210 1828 219 1871 ς
230 1811 292 1864 huic
304 1827 360 1865 uno
372 1810 500 1878 dejectum
512 1814 633 1868 cominus
646 1814 700 1869 ictu
817 1833 872 1885 770

73 1911 143 1961 Cum
155 1910 229 1978 galea
237 1907 318 1977 long'e
328 1907 408 1973 jacuit
417 1923 495 1977 caput
506 1929 512 1961 :
523 1909 584 1962 inde
594 1911 707 1964 ferarum

72 2003 240 2058 Vastatorem
251 2007 385 2075 Amycum
396 2043 403 2068 ,
417 2021 471 2074 quo
481 2021 537 2056 non
548 2005 653 2058 felicior
662 2009 728 2059 alter

71 2101 243 2170 Ungeretela
252 2117 331 2154 manu
342 2141 350 2165 ,
362 2103 512 2169 ferrumque
522 2117 621 2153 armare
630 2117 752 2155 veneno:

72 2199 105 2250 Et
119 2197 240 2268 Clytium
251 2198 377 2252 AEoliden
389 2237 397 2263 ‚
415 2199 441 2251 δι
453 2198 566 2252 amicum
577 2198 669 2250 Cretea
680 2198 778 2260 Muiis;

74 2295 170 2348 Creten
181 2277 317 2348 Musamm
328 2296 455 2349 comitem
466 2335 474 2359 ‚
486 2295 529 2349 cui
538 2295 653 2348 carmina
665 2297 769 2364 semper
817 2312 868 2365 775

73 2395 106 2445 Et
116 2393 221 2446 citharae
234 2393 325 2457 cordi,
339 2393 514 2463 numerosque
526 2393 661 2446 intendere
671 2394 777 2454 nervis3

73 2491 185 2560 Semper
192 2507 275 2559 equos
282 2505 360 2559 atque
367 2490 531 2543 armavirdm
542 2491 692 2560 pugnasque
700 2492 816 2546 canebat.

109 2589 229 2641 Tandem
241 2587 362 2641 duciores
374 2587 461 2640 auditi
473 2589 543 2640 caede
554 2587 662 2638 suorum

73 2685 250 2740 Conveniunt
262 2685 376 2750 Teucri,
388 2685 555 2748 Mnestheus,
566 2700 675 2752 acerque
685 2683 816 2744 Serestum

71 2782 245 2851 Palantcsque
254 2781 348 2836 vident
358 2781 447 2836 socios
458 2822 465 2847 ‚
477 2781 632 2850 hostemque
642 2795 787 2848 recepmm
817 2783 872 2847 780

73 2881 105 2932 Et
112 2877 267 2935 Mnestheus
276 2878 353 2949 :Qud
360 2877 453 2934 deinde
460 2875 628 2962 fugamlquti
634 2875 741 2932 tenditis
749 2877 759 2930 i
767 2875 863 2947 inquit.
