2036 3476
272 189 686 281 tritam.
769 195 839 272 161

103 357 206 410 Arduus
217 352 355 430 insurgens
368 381 374 414 :
390 361 435 414 illa
446 361 515 414 haud
526 359 613 412 minsis
626 371 702 426 urget
714 355 820 408 obunco
848 363 899 416 755

103 453 258 509 Luctantem
270 455 373 523 rostro,
385 457 462 510 timul
474 459 571 512 aethera
582 457 703 509 verberat
712 453 759 506 alis
771 473 779 506 t

103 552 181 605 Haud
191 552 268 608 aliter
279 555 394 624 predam
403 555 544 608 Tiburtum
553 571 589 606 ex
600 552 705 622 agmine
716 549 840 602 Tarchon
945 592 948 602 ,

103 650 195 702 Portat
206 667 291 704 ovans
305 671 311 704 :
325 651 398 705 ducis
410 654 564 721 exemplum
577 665 756 718 eventumque
767 647 850 702 secuti

103 748 246 804 Maeonidae
256 747 402 804 incurrunt.
413 749 483 818 'lssutn
493 748 554 802 fatis
565 747 667 800 debitus
679 747 766 798 Aruns

103 847 236 933 Veloceqn
247 846 334 914 iaculo
347 848 374 900 δι
385 846 468 900 multi
478 846 552 916 prior
562 860 617 901 arte
628 843 767 898 Camillam
848 838 904 908 760

104 944 224 1009 Circuit,
237 945 263 997 δι
276 962 334 1014 quae
346 944 378 996 sit
388 944 495 997 fortuna
506 941 631 996 facillima
642 979 650 1008 ,
663 953 756 994 tentat.

104 1040 163 1109 Qui
173 1041 199 1094 se
211 1058 324 1110 cumque
335 1041 424 1094 furens
434 1039 523 1092 medio
533 1037 594 1090 tulit
602 1036 707 1107 agmine
716 1035 810 1106 virgo,

2 1181 4 1202 q
103 1138 160 1192 llic
172 1141 260 1192 Aruns
273 1138 342 1192 subit
354 1177 363 1202 ,
376 1136 509 1190 &tacitus
520 1134 631 1205 vestigia
641 1133 747 1186 lustrat:

6 1297 9 1304 ,
103 1235 164 1306 Qui
172 1235 272 1292 vislrix
283 1235 351 1291 redit
360 1235 406 1290 illa
416 1274 424 1303 ‚
436 1237 584 1307 pedemque
591 1230 705 1286 exhoste
714 1243 847 1300 reportat,

103 1333 160 1387 Hic
171 1332 277 1410 juvenis
288 1332 381 1386 furtim
391 1333 490 1386 celeres
502 1332 642 1400 detorquet
650 1330 773 1382 habenas.
848 1327 899 1394 765

102 1433 162 1486 Hos
173 1430 386 1510 atlitus‚jamque
392 1430 443 1482 hos
449 1428 550 1492 aditus,
560 1442 721 1496 omnemque
731 1437 848 1494 pererrat

101 1519 867 1598 Undiquecircuitum,&certamquatitimprobusltastam

141 1623 221 1681 Fort'e
231 1625 301 1679 sacer
313 1627 419 1697 Cybelae
430 1626 578 1688 Chloreus,
589 1622 708 1691 olimque
717 1620 846 1682 sacerdos,

102 1721 214 1792 Insignis
223 1722 304 1796 longe
314 1722 438 1796 Phrygiis
446 1724 562 1794 fulgebat
573 1721 602 1775 in
613 1720 692 1774 armis
703 1739 711 1772 ι

104 1820 329 1890 Spumantemque
336 1821 449 1890 agitabat
456 1817 739 1892 equum‚quempellis
747 1813 837 1870 ahenis
850 1833 905 1886 770

102 1917 134 1990 ln
145 1917 262 1986 plumam
271 1914 388 1986 squamis
400 1932 465 1968 auro
477 1917 597 1968 conserta
606 1917 719 1986 tegebat.

101 2013 161 2084 Ipse
173 2011 314 2084 peregrinl
325 2009 458 2084 ferrugine
469 2013 554 2064 clarus
568 2013 593 2064 &
605 2011 691 2074 ostro,

102 2090 208 2180 Spittua
216 2109 357 2180 torquebat
368 2106 454 2180 Lycio
467 2105 602 2176 Gortynia
612 2122 712 2162 cornu:

101 2210 205 2262 Aureus
215 2224 250 2261 ex
258 2203 376 2260 humeris
386 2205 463 2260 sonat
473 2220 566 2267 arcus,
579 2204 607 2256 lit
618 2220 695 2256 aurea
703 2202 760 2256 vati

103 2301 905 2374 cassida:tumcroceamchlamydemquesmusquecrepantes

102 2403 246 2457 Carbaseos
255 2402 332 2456 fulvo
344 2403 374 2460 in
383 2402 484 2456 nodum
495 2401 639 2470 collegerat
650 2415 714 2452 auto
725 2437 742 2468 ,Ι
849 2395 905 2460 776

101 2499 247 2578 Piuusnacu
257 2498 358 2554 tunicas
371 2499 398 2553 δι
408 2499 514 2553 barbata
524 2496 641 2568 tegmina
649 2512 764 2550 crurum.

102 2595 183 2650 Hunc
193 2595 271 2672 virgo
284 2636 291 2661 ‚
308 2597 363 2650 stve
374 2611 404 2652 ut
416 2594 523 2666 templis
533 2593 681 2666 praefigetet
692 2609 764 2650 arma

102 2688 187 2743 Troia
199 2729 207 2754 ,
222 2691 330 2760 captivo
341 2692 397 2748 five
408 2708 438 2748 ur
448 2693 475 2746 se
486 2695 566 2750 ferret
578 2693 606 2746 in
618 2709 682 2748 auto

102 2786 256 2853 venatrix,
271 2805 354 2846 unum
365 2807 401 2844 ex
412 2791 487 2846 otnni
499 2791 643 2846 certamine
654 2808 749 2862 pugna
824 2800 827 2805 ·
840 2789 902 2864 ¹780

102 2887 181 2942 Caeca
191 2883 365 2966 sequebatur:
379 2900 519 2966 totumque
531 2888 635 2944 incauta
644 2906 691 2964 per
702 2903 799 2972 agmen
