2036 3480
281 198 524 285 Ltaaa
568 177 690 286 XII.
757 209 830 318 193¹

87 363 146 419 Este
157 364 241 430 boni,
257 364 384 435 quoniam
396 365 504 436 Superis
516 365 607 418 aversa
615 368 754 422 voluntas.

88 463 182 517 Sancta
193 464 289 517 advos
301 463 389 516 anima
399 477 478 534 atque
490 461 564 516 istius
575 463 657 516 inscia
669 465 753 533 culpae

89 549 760 632 Descendam‚magnotumhaudumquamindignus
769 579 892 618 avorum.

127 657 186 711 Vix
197 675 228 711 ea
239 659 307 712 fatus
317 672 373 712 erat
383 699 390 724 ‚
402 659 506 712 medios
515 661 592 712 volat
602 675 664 712 ecce
673 675 721 729 per
729 657 816 712 hostes
836 659 891 725 650

88 754 190 809 Vedius
202 773 273 826 equo
285 757 423 825 spumante
434 757 514 828 Sages
526 796 534 822 ,
550 756 659 810 adversa
669 757 762 828 sagittd

87 854 197 906 Saucius
207 869 254 907 ora
264 893 272 918 ‚
284 853 390 924 ruitque
400 854 546 923 implorans
556 854 667 909 nomine
676 856 815 911 Turnum:

88 950 179 1002 Turne
190 989 197 1014 ‚
207 949 237 1001 in
248 964 275 1003 te
287 951 407 1020 suprema
417 951 485 1004 salus
495 969 504 1011 3
516 951 641 1005 miserere
652 966 770 1006 tuorum.

88 1047 221 1100 Fulminat
231 1047 326 1101 AEneas
337 1048 435 1112 armis,
448 1045 613 1118 summasque
622 1049 738 1102 minatur

86 1143 261 1209 Deiediururn
272 1161 344 1198 arces
353 1143 448 1196 Italum
461 1182 469 1207 ‚
483 1143 643 1212 excidioque
653 1145 783 1198 daturum.
837 1119 887 1212 d55

86 1241 200 1310 Jamque
209 1240 279 1294 faces
290 1243 322 1293 ad
335 1239 403 1292 retia
411 1241 526 1299 volantt
539 1239 604 1293 inte
615 1255 662 1293 ora
671 1241 759 1294 Latini
770 1280 779 1305 ,

87 1339 120 1392 ln
131 1352 158 1391 te
168 1339 263 1392 ontlos
273 1336 389 1391 referunt
399 1355 406 1390 z
417 1333 511 1388 muffat
521 1351 569 1388 rex
578 1335 634 1404 ipse
644 1335 752 1390 Latinus
763 1377 771 1400 ‚

87 1436 166 1502 Quos
178 1451 291 1505 generos
303 1448 400 1498 vocet,
410 1447 456 1486 aut
465 1451 524 1503 qua
533 1433 587 1487 sese
592 1435 625 1486 ad
631 1435 727 1488 foedera
735 1434 834 1490 flediat.

87 1531 216 1584 Praeterea
226 1531 345 1600 Regina,
358 1530 398 1582 tui
407 1529 546 1595 fidissima‚
562 1529 655 1584 dextri

89 1626 197 1682 Occidit
209 1626 264 1694 ipsa
274 1625 318 1678 sui
329 1665 336 1690 ‚
348 1628 487 1695 lucemque
497 1626 623 1680 exterrita
633 1626 711 1698 fugit.
833 1630 889 1684 660

90 1724 149 1778 Soli
160 1740 210 1793 pro
221 1725 307 1793 portis
317 1721 450 1794 Meffapus
461 1725 487 1777 &
497 1742 555 1778 acer
565 1725 659 1778 Atinas

87 1819 235 1875 Sustentant
247 1821 331 1874 aciem
343 1841 350 1874 ε
363 1823 462 1874 circum
474 1822 524 1874 hos
536 1822 671 1891 utrimque
689 1823 832 1893 phalanges

88 1920 164 1972 Stant
175 1916 260 1970 densae
271 1953 279 1980 ‚
290 1910 435 1984 studisque
447 1916 520 1986 seges
531 1920 701 1972 mucronibus
711 1921 803 1974 horret

87 2015 180 2068 Ferrea
190 2032 197 2066 t
208 2025 238 2064 tu
248 2027 353 2065 currum
363 2010 466 2064 deserto
477 2010 505 2062 in
517 2014 635 2080 gramine
648 2017 750 2070 versas!

123 2110 267 2179 Obstupuit
277 2107 353 2164 varii
364 2108 488 2162 confusus
501 2109 616 2179 imagine
625 2127 713 2162 rerunt
833 2119 884 2188 θός

87 2209 211 2272 Turnus,
228 2207 255 2260 dt
266 2207 362 2260 obtutu
373 2203 457 2258 tacito
467 2204 538 2257 stetit
551 2225 558 2258 :
573 2204 661 2257 estuat
673 2205 768 2275 ingens

84 2309 145 2360 imo
157 2307 186 2359 in
196 2307 274 2358 corde
283 2305 370 2372 pudor
380 2343 387 2368 ,
399 2301 540 2372 mixtoque
552 2301 652 2356 insania
662 2301 752 2366 lustu,

85 2405 118 2457 Et
127 2401 203 2456 furiis
215 2401 327 2474 agitatus
340 2398 452 2452 amor&
463 2399 568 2452 conscia
579 2399 676 2452 virtus.

85 2500 125 2552 Ut
136 2497 251 2567 primum
261 2495 374 2551 discusse
384 2497 502 2559 umbrat,
519 2476 602 2548 &lux
616 2495 716 2549 reddita
727 2482 830 2563 menti-¹,

86 2595 215 2648 Ardentes
226 2588 365 2648 oculorum
375 2596 453 2648 orbes
462 2595 494 2646 ad
504 2593 601 2646 moenia
609 2593 685 2654 totfit
830 2599 884 2666 ⁶7⁰

86 2689 236 2755 Turbidus,
251 2709 319 2762 eque
330 2693 397 2748 rotis
409 2709 531 2764 maguam
541 2691 657 2762 respexit
667 2691 699 2746 ad
707 2694 808 2749 urbem.

86 2789 153 2841 Ecce
163 2801 250 2840 autem
259 2787 372 2842 flammis
383 2790 452 2843 inter
462 2791 574 2844 tabulata
582 2791 693 2842 volutus

86 2888 128 2942 Ad
140 2887 236 2939 coeltun
244 2887 356 2940 undabat
365 2901 462 2942 vortex
473 2927 480 2952 ‚
493 2887 639 2956 turrimque
650 2887 775 2948 tenebat,
864 2889 866 2894 '

151 2983 237 3037 Tenus
255 2981 299 3038 11.
708 2983 720 3034 1
