2020 3462
259 207 511 294 [ιη-ιι
563 202 709 292 Vm.
772 235 822 320 49
975 151 976 178 i

86 374 157 430 Artis
168 373 279 444 opisque
288 388 341 426 tue
352 392 360 433 ·,
371 388 419 426 nec
429 385 455 425 te
466 411 473 436 ,
484 369 611 425 carillime
620 369 737 436 conjux,

84 467 249 526 incassumve
263 486 324 523 ruos
336 467 413 522 volui
422 485 545 522 exercere
554 467 656 522 labores
668 485 677 528 ς

85 566 218 636 Quamuis
229 566 255 618 δι
265 563 362 619 Priami
372 565 492 618 deberem
502 563 614 634 plurima
626 563 710 630 naris,

86 665 118 716 Et
130 664 226 716 durum
237 637 328 715 AEneae¹
340 657 469 714 lieviffem
480 661 548 729 saepe
557 661 684 714 laborem.
834 663 885 726 380
980 626 985 641 .

86 761 183 824 Nunc,
199 759 277 814 lovis
293 757 431 826 imperiis,
446 757 609 810 Rutulorum
620 755 736 811 constitit
746 755 801 812 oris
813 777 819 810 :

88 857 158 928 Ergo
171 855 381 923 eademsupplex
389 853 487 916 venio.
502 854 529 907 δι
538 851 654 906 sancium
662 853 830 908 mihinumeu

22 967 24 974 ’
89 956 171 1006 Arma
182 968 251 1022 rogo
265 991 272 1015 ,
283 951 401 1021 genitrix
413 965 485 1003 nato.
496 949 535 1003 Te
547 949 603 1002 filia
615 950 694 1004 Nerei
706 991 714 1017 ‚

91 1049 130 1102 Te
141 1047 231 1118 potuit
240 1047 365 1118 lacrymis
374 1045 503 1097 Tithonia
512 1043 617 1126 flellere
628 1045 736 1112 conjux.

91 1145 189 1215 Aspice
198 1145 245 1214 qui
253 1144 350 1197 coeant
360 1142 454 1212 populi
467 1182 474 1207 ,
488 1160 545 1213 quae
555 1141 655 1198 moenia
665 1141 756 1198 clausis
770 1133 775 1144 ¹
839 1151 886 1216 385

92 1244 203 1296 Ferrum
214 1255 307 1294 acuant
313 1238 398 1309 portis
408 1237 436 1290 in
446 1254 488 1290 me
495 1277 504 1302 ‚
511 1238 697 1308 excidiumque
704 1257 834 1298 meorum.

130 1339 245 1392 Dixerat
257 1376 264 1401 ,
282 1338 308 1389 δι
320 1335 406 1390 niueis
418 1334 480 1389 hinc
491 1350 570 1405 atque
578 1335 640 1390 hinc
650 1337 722 1391 Diva
733 1339 836 1394 lacertis

94 1434 272 1488 cundiaotem
283 1436 407 1502 amplexu
418 1431 495 1486 molli
502 1415 580 1487 lover
591 1454 597 1487 :
610 1433 655 1488 ille
667 1435 775 1506 repent&

94 1531 207 1600 Accepit
220 1529 324 1584 solitam
336 1529 469 1603 flammant
480 1569 487 1594 ,
499 1531 628 1600 notusque
639 1535 765 1587 medullas

96 1628 211 1682 Intravit
223 1630 313 1691 calor,
326 1627 352 1680 δι
361 1627 484 1682 labefacit
494 1645 541 1696 per
553 1624 606 1682 ossa
618 1633 747 1687 cucurrit:
844 1651 896 1704 390

96 1726 163 1780 Non
174 1726 246 1778 secus
257 1739 334 1795 atque
346 1724 413 1777 olim
424 1723 527 1778 tonitru
538 1723 597 1778 clun
608 1741 684 1798 rupta
693 1733 803 1785 corusco

97 1823 180 1892 lgnea
188 1823 255 1874 rima
264 1821 363 1875 micans
370 1821 498 1891 percurrit
507 1822 607 1878 lumine
617 1827 731 1882 nimbos.

100 1919 187 1974 Sensit
197 1921 257 1972 laeta
269 1919 355 1983 dolis,
369 1918 395 1971 dt
403 1919 495 1972 forme
505 1921 609 1974 conscia
619 1923 728 1990 conjux.

100 2016 174 2068 Turn
182 2030 256 2084 pater
266 2031 365 2069 eterno
375 2015 443 2069 fatur
453 2015 590 2070 devincitis
602 2034 692 2074 amore
702 2039 710 2074 t

102 2111 177 2178 Quid
186 2113 274 2166 causas
285 2111 355 2183 perit
366 2129 401 2166 ex
413 2114 467 2165 alto
478 2114 488 2165 l
499 2109 593 2164 fiducia
602 2111 673 2165 cellit
849 2134 896 2192 395

109 2208 174 2276 Qud
184 2207 232 2264 tibi
245 2249 252 2272 ‚
269 2189 342 2264 ssiva
353 2249 360 2274 ‚
370 2209 444 2276 mei?
457 2207 548 2263 similis
561 2209 579 2262 sr
591 2227 652 2264 cura
663 2211 766 2280 fuisset,

104 2307 175 2360 Tum
187 2323 294 2376 quoque
304 2305 342 2361 fas
353 2306 430 2361 nobis
440 2307 557 2362 Teucros
568 2325 668 2364 armare
678 2309 772 2364 fuisset.

103 2404 161 2456 Nec
174 2403 249 2456 Pater
260 2403 432 2476 omnipotens
444 2403 570 2471 Troiam,
588 2423 636 2482 nec
645 2407 697 2461 fata
706 2409 830 2462 vetabunt

105 2501 346 2570 Srare‚decemque
352 2501 420 2554 alios
427 2500 559 2556 Priamum
567 2503 693 2572 superesse
700 2521 747 2573 per
753 2522 851 2562 annos.

106 2598 230 2661 Etnunc‚
243 2597 368 2651 srbellare
380 2615 455 2668 paras
468 2637 475 2664 ‚
489 2612 566 2670 atque
578 2601 633 2652 haec
642 2599 691 2653 tibi
698 2618 771 2655 mens
779 2602 830 2668 est,
851 2621 905 2673 400

107 2692 245 2764 Quicquid
254 2691 282 2746 in
294 2708 348 2747 arte
358 2711 416 2747 mea
428 2694 531 2766 possum
542 2697 697 2768 promittere
707 2716 794 2764 cura,

107 2791 191 2857 Quod
203 2787 263 2851 ficri
272 2791 342 2844 ferro
355 2829 363 2855 ,
378 2789 515 2860 liquidove
528 2791 613 2862 potest
624 2796 740 2860 dedito,

108 2890 247 2956 Quantum
260 2887 334 2959 ignes
347 2887 493 2958 animeque
505 2891 609 2944 valent:
625 2891 712 2946 rufine
721 2895 852 2960 precando

186 2985 270 3037 Tomur
290 2983 334 3040 11.
715 2990 737 3042 C
