2020 3462
315 165 557 252 Lrnnn
602 166 691 253 IX.
813 197 862 280 75

128 329 240 398 Vidisti,
253 349 308 402 quo
317 334 423 390 Turnus
436 349 524 404 equo,
537 333 630 403 quibus
643 333 696 386 ibat
707 332 736 384 in
746 333 826 386 armis

127 427 859 500 Aureus:ipsumillum,clypeum,cristasquembentet
874 442 927 492 27⁰

127 529 265 598 Excipiam
274 528 340 583 sorti
352 567 359 593 ,
371 527 424 595 jam
436 545 507 582 nunc
517 543 561 581 tua
572 526 698 597 premia,
712 526 784 580 Nise.

127 625 255 680 Preterea
264 625 304 680 bis
313 626 361 680 sex
370 625 476 695 genitor
484 623 619 677 lenimina
629 637 743 676 matrum

126 723 534 794 Corpora,captivosquedabir,
544 723 641 791 suaque
650 720 774 776 omuibus
784 737 869 780 armat

127 821 235 891 Insuper
243 822 285 874 his
296 860 304 886 ,
314 821 401 890 campi
413 823 485 890 quod
496 836 544 873 rex
553 821 630 873 haber
640 819 695 887 ipse
704 819 823 874 Latinus.

127 919 166 971 Te
177 917 263 982 vero,
277 935 335 972 mea
346 934 426 987 quem
436 917 527 987 spatiis
537 915 707 994 propioribus
719 931 781 970 atas
854 934 858 943 ·
875 931 923 981 275

126 1015 276 1084 Insequitur
289 1053 296 1079 ,
312 1015 464 1067 venerande
475 1029 558 1082 puer,
572 1011 625 1078 iam
638 1013 745 1082 pectore
755 1027 816 1066 toro

126 1111 257 1180 Accipio,
271 1110 435 1164 &comitem
447 1111 519 1164 casus
529 1109 692 1178 complector
702 1110 730 1163 in
742 1127 846 1168 omnes.

127 1209 206 1262 Nulla
215 1207 281 1261 meis
293 1207 346 1260 fine
358 1222 385 1262 te
395 1221 526 1277 quaeretur
536 1207 621 1278 gloria
632 1209 726 1262 rebus:

126 1305 179 1379 Seu
190 1321 300 1375 pacem,
314 1306 359 1359 seu
371 1307 439 1360 bella
449 1321 556 1376 geram,
569 1304 617 1358 ribi
628 1306 745 1358 maxima
754 1321 841 1358 rerum

126 1393 333 1471 Verborumque
343 1399 418 1457 fides.
433 1404 534 1456 Contra
545 1417 624 1471 quem
634 1402 695 1455 talia
705 1403 773 1456 fatur
875 1411 927 1462 230

126 1484 273 1568 Euryalus:
285 1501 332 1552 Me
342 1501 415 1552 nulla
427 1500 482 1554 dies
492 1513 546 1553 ram
555 1499 667 1554 fortibus
677 1500 743 1554 aufis

126 1595 286 1648 Diffimilem
295 1596 410 1666 arguerit
420 1615 426 1648 ε
438 1595 540 1650 tantum
551 1596 657 1648 fortuma
669 1597 796 1662 secunda,

127 1694 205 1745 Haud
213 1693 320 1746 adversa
329 1695 412 1746 cadat.
424 1694 475 1746 Sed
486 1708 513 1745 te
522 1694 599 1762 super
610 1694 701 1748 omnia
713 1697 782 1749 dona

126 1789 219 1842 Unum
231 1805 281 1842 oro
294 1808 300 1842 r
313 1788 429 1860 genitrix
438 1789 536 1843 Priami
544 1791 575 1844 de
588 1805 666 1860 gente
676 1792 777 1846 vetusta

125 1884 169 1938 Est
181 1886 264 1949 mihi,
279 1902 357 1955 quam
367 1885 489 1940 miseram
498 1887 584 1940 tenuit
593 1905 649 1941 non
661 1888 708 1941 Ilia
719 1891 797 1942 renus
873 1896 921 1961 235

125 1981 235 2034 Mecum
244 1984 432 2047 excedentem,
445 1999 501 2036 non
514 1982 614 2036 moenia
624 1985 694 2054 regis
703 1985 809 2041 Acestae.

126 2079 203 2132 Hanc
208 2096 259 2149 ego
266 2095 335 2134 nunc
342 2080 460 2150 ignaram
465 2077 542 2144 hujus
550 2079 734 2150 quodcumque
741 2083 833 2150 pericli
840 2088 885 2154 est,

126 2175 209 2246 Inque
219 2177 354 2230 salutatam
366 2177 460 2246 linquo
470 2195 480 2228 ι
491 2191 548 2229 nox
560 2175 587 2228 δι
596 2189 640 2228 tua
650 2174 721 2230 testis

77 2329 80 2338 Δ
124 2269 864 2344 Dextera‚quodnequeamlacrymasperfertepatentis.

125 2371 161 2422 At
172 2385 202 2423 tu
213 2409 220 2435 ,
231 2388 280 2424 oto
292 2409 299 2435 ,
311 2372 395 2424 solare
405 2369 514 2438 inopem
524 2389 530 2423 ε
542 2370 661 2424 succurre
671 2370 778 2428 relicte.
867 2391 920 2442 290

122 2467 201 2519 Hanc
211 2467 265 2520 fine
276 2484 320 2520 me
330 2468 403 2536 spem
414 2467 481 2520 ferre
493 2467 549 2519 tui:
563 2465 700 2519 audentior
709 2467 755 2522 ibo

120 2566 154 2618 In
168 2565 240 2617 casus
253 2580 356 2618 omnes.
368 2563 489 2618 Pertusa
501 2576 607 2626 mente,
622 2564 749 2618 dederunt

120 2661 279 2714 Dardanide
290 2663 419 2731 lacrymas
430 2680 437 2715 r
451 2673 511 2713 ante
523 2675 616 2714 omnes
626 2659 734 2728 pulcher
743 2663 814 2718 Iiilru
825 2703 833 2730 ,

114 2759 208 2828 Atque
221 2757 339 2810 animum
350 2757 441 2827 patrie
449 2755 553 2812 strinxit
562 2754 669 2827 pietatis
678 2756 778 2830 imago.

24 2917 28 2926 ι
115 2851 357 2916 Tumficeffarurt
862 2877 910 2930 295

684 2950 748 3020 otj
