2020 3462
183 253 211 328 4
380 226 720 316 AErvrrvos

180 389 288 444 Affiduo
300 391 511 459 resonuerunt,
527 393 654 465 testisque
664 395 781 466 superbis

180 488 244 541 Urit
253 491 391 544 odoratam
402 490 531 544 nodiurna
541 491 682 547 inlumina
690 496 797 548 cedrum
807 503 818 567 3'

180 588 283 658 Arguto
295 603 387 642 tenues
398 605 553 657 percurrens
562 591 667 660 pedire
677 595 753 669 telas.

126 690 156 744 15
181 684 250 737 Hinc
263 687 382 739 exaudiri
398 687 530 757 gemitus,
548 688 646 758 iraeque
658 691 769 742 leonum

180 783 279 836 Vincla
288 785 454 837 recusantum
467 786 493 838 ἃ
503 786 558 838 sera
567 786 613 838 sub
625 786 703 839 nodie
713 788 870 847 rudentum

182 878 349 949 setigerique
359 880 417 933 sues
428 920 435 946 ‚
448 895 526 950 atque
537 882 565 934 in
576 882 735 951 praesepibus
745 882 796 935 ursi

179 977 280 1030 Saevire
291 1017 298 1042 ‚
315 995 344 1030 ac
359 979 452 1035 formae
462 996 618 1050 magnorum
628 981 728 1033 ululare
737 983 862 1050 luporum
873 998 881 1040 3

180 1074 518 1140 Quoshominumexsacie
528 1077 586 1129 Dea
596 1077 665 1129 saeva
674 1077 827 1146 potentibus
836 1075 924 1130 herbis

123 1181 158 1218 20
174 1171 300 1238 induerat
316 1171 391 1224 Circe
404 1172 432 1224 in
443 1175 533 1224 vultus
546 1189 576 1224 ac
587 1186 661 1242 terga
671 1173 796 1229 serarum.

179 1270 247 1336 Quae
259 1286 292 1322 ne
304 1268 419 1321 monstra
428 1269 467 1337 pii
476 1284 629 1337 paterentur
637 1271 699 1322 ralia
712 1272 797 1324 Troes

177 1366 269 1419 Deleri
279 1366 308 1418 in
317 1381 410 1434 porrus
423 1405 431 1430 ,
443 1383 495 1418 neu
507 1367 598 1419 littora
610 1367 665 1419 dira
681 1367 815 1426 subirent3

178 1464 319 1530 Neptunus
328 1463 417 1515 ventis
429 1463 554 1531 implevit
565 1466 624 1516 vela
637 1463 775 1527 secundis,
847 1516 849 1520 ,

177 1560 265 1628 Atque
277 1558 366 1628 sugam
376 1559 447 1613 dedit
457 1599 464 1624 ‚
477 1561 502 1611 δι
512 1572 606 1627 praeter
615 1560 682 1610 vada
692 1557 793 1610 fervida
802 1556 889 1611 vexit.

122 1666 154 1719 25
214 1656 325 1725 Jamque
338 1656 487 1708 rubescebat
494 1653 574 1706 radiis
581 1669 670 1716 mare,
685 1654 815 1706 &aethere
826 1655 858 1706 ab
869 1655 925 1706 alto
954 1715 955 1720 η

177 1752 282 1804 Aurora
293 1752 323 1803 in
334 1751 417 1804 roseis
429 1751 545 1819 fulgebat
555 1752 627 1803 lutea
637 1749 723 1820 bigis3

179 1850 248 1902 Cum
258 1847 335 1900 venri
346 1847 476 1915 posuere,
490 1846 629 1916 omnisque
644 1845 754 1916 repent'e
766 1845 860 1899 resedit

176 1947 266 2000 Flatus
278 1983 286 2009 ‚
301 1946 326 1996 δι
338 1943 367 1995 in
378 1946 453 1996 lento
465 1941 597 1996 ludantur
611 1960 744 1995 marmore
756 1943 852 1996 tonsae.

177 2044 265 2111 Atque
277 2042 320 2094 hic
331 2041 427 2094 AEneas
440 2039 576 2110 ingentem
586 2057 621 2092 ex
633 2055 740 2109 aequore
752 2041 842 2091 lucum

123 2153 157 2206 30
176 2137 307 2206 Prospicit
320 2157 327 2191 ι
339 2137 410 2190 huuc
420 2137 490 2190 inter
501 2136 588 2188 fluvio
599 2136 750 2205 Tyberinus
760 2152 885 2200 amoeno,
910 2153 918 2170 ‘
1007 2187 1008 2200 ζ

178 2235 336 2290 Vorticibus
348 2234 485 2303 rapidis&
494 2231 577 2284 multi
588 2231 674 2283 flavus
685 2230 778 2297 mend,
1007 2243 1008 2316 p

176 2334 209 2385 In
220 2349 292 2385 mare
304 2330 470 2400 prorumpit:
486 2328 567 2381 variae
577 2328 728 2398 circumque
738 2326 868 2398 suptique

1007 2875 1008 2910 l

1007 2911 1008 2948 l

177 2429 289 2482 Affuetae
302 2427 367 2496 ripis
379 2428 503 2479 volucres
517 2425 543 2477 δι
554 2423 672 2476 fluminis
683 2427 778 2488 alveo,

177 2527 285 2580 AEthera
296 2526 444 2577 mulcebant
456 2538 553 2586 cantu,
566 2523 680 2590 lucoque
691 2522 829 2574 volabant.

130 2636 160 2690 35
177 2603 293 2674 vleuere
305 2622 355 2708 itpr
366 2620 445 2673 sociis
457 2659 464 2682 ‚
475 2635 602 2686 rerraeque
613 2619 748 2670 advertere
758 2634 852 2686 proras

183 2713 293 2780 Inuerar
305 2759 313 2782 ‚
331 2719 357 2771 ἃ
366 2721 440 2771 laetus
450 2716 536 2769 fluvio
546 2715 660 2768 succedit
671 2731 766 2783 opac0.

221 2809 292 2868 ch
299 2831 362 2885 age,
374 2813 420 2883 qui
427 2815 618 2884 reges‚Erato‚
629 2831 687 2884 quae
694 2827 816 2880 tempora
822 2829 924 2882 rerum,

185 2904 255 2975 Quis
264 2905 336 2970 letio
346 2913 457 2985 antiquo
467 2912 546 2968 suerit
555 2910 634 2966 status
646 2950 653 2978 ,
667 2913 768 2966 advena
780 2909 884 2964 classem
