2020 3462
199 211 251 289 72
395 186 734 272 AEunrnos

198 347 292 401 Cernis
305 388 312 413 ,
325 367 383 418 quae
394 351 508 404 Rutulos
517 351 610 404 habeat
619 349 714 406 fiducia
724 369 825 406 rerum:

198 443 310 497 Lumina
321 464 378 499 rura
389 447 487 500 micant
497 466 503 499 :
515 448 610 500 somno
619 448 739 518 vinoque
750 449 830 501 soluti

143 541 384 605 190Procubuere3
400 544 476 597 mem
486 543 540 598 late
549 546 617 598 loca.
629 543 737 614 Percipe
747 562 830 615 porro

198 636 271 705 Quid
280 639 410 703 dubitem,
419 639 445 692 &
455 657 513 708 quae
523 657 593 693 nunc
603 639 694 694 auimo
703 642 832 694 sentencia
841 642 938 714 surgat.

197 736 301 789 AEnean
307 737 388 789 acciri
397 753 506 802 omnes,
518 739 699 808 populusque,
711 740 868 808 patresque,

197 833 350 902 Exposcunt
362 870 369 896 ,
385 833 508 904 mittique
520 834 596 887 viros
609 873 617 899 ‚
633 835 680 904 qui
692 851 762 888 cerra
773 850 920 908 reportent.

198 929 227 982 Si
237 929 286 982 ribi
297 947 354 999 quae
366 930 448 999 posco
458 931 617 1000 promittunt
628 933 638 1000 (
648 949 709 984 nam
719 931 785 984 mihi
794 933 855 986 sadi

145 1035 193 1088 195
203 1029 281 1079 Fama
292 1028 330 1092 snt
340 1025 375 1079 est
385 1031 396 1097 )
407 1031 511 1080 tumulo
522 1028 618 1082 videor
628 1029 744 1096 reperire
755 1029 799 1082 sub
809 1029 858 1082 illo

199 1122 274 1177 Posse
284 1124 359 1176 viam
368 1125 399 1176 ad
409 1140 500 1176 muros
513 1123 539 1176 ἃ
549 1123 649 1176 moenia
660 1123 802 1178 Pallantea.

237 1220 378 1290 Obstupuit
390 1235 486 1288 magno
498 1201 604 1271 laudum
617 1220 749 1288 perculsus
761 1237 852 1274 amore

199 1318 328 1388 Euryalus
338 1336 346 1378 ;
358 1317 433 1370 fimul
442 1316 484 1370 his
494 1318 628 1369 ardentem
637 1315 730 1371 affatur
739 1318 869 1372 amicumz

200 1416 282 1468 Mene
295 1415 375 1486 igitur
383 1414 485 1469 socium
494 1413 603 1466 summis
615 1413 754 1484 adjungere
764 1417 855 1480 rebus,

146 1525 198 1564 200
206 1513 283 1577 Nise,
293 1512 361 1582 sugis
372 1513 382 1564 ἓ
395 1512 482 1565 solum
491 1526 517 1564 te
530 1513 559 1564 in
569 1525 641 1564 tanta
652 1511 768 1579 pericula
781 1512 903 1568 mittam?

201 1611 264 1661 Non
275 1607 312 1661 ita
321 1626 364 1661 me
373 1609 478 1679 genitor
486 1609 563 1662 bellis
573 1607 684 1662 assuetus
695 1609 825 1678 Opheltes

200 1706 355 1775 Argolicum
365 1722 493 1760 terrorem
502 1706 591 1770 incer,
606 1705 747 1777 Trojaeque
758 1707 860 1760 labores

201 1805 337 1856 Sublatum
348 1802 443 1855 erudiit
453 1823 463 1864 3
478 1820 527 1856 nec
538 1817 626 1856 tecum
637 1803 700 1856 talin
709 1803 785 1874 gem,

202 1901 402 1972 Magnanimum
411 1899 512 1952 AEnean
522 1899 548 1952 δι
559 1900 610 1953 suta
619 1916 739 1954 extrema
749 1902 861 1954 securus.

146 2012 195 2063 205
206 1997 247 2050 Est
257 1999 299 2050 hic
311 2037 319 2062 ,
335 1996 371 2052 est
382 1997 484 2051 animus
494 1998 561 2050 lucis
573 2013 744 2066 contemptor
756 2038 763 2062 ‚
780 1998 806 2051 &
818 1997 894 2049 istum

202 2096 257 2164 Qui
268 2095 324 2149 viti
334 2097 400 2149 bene
410 2097 496 2150 credat
505 2096 576 2159 emi,
593 2095 647 2163 qud
661 2095 747 2149 tendis
760 2135 767 2160 ,
779 2096 920 2148 honorem.

238 2193 317 2246 Nisus
326 2195 359 2246 ad
368 2194 424 2246 haec
434 2212 440 2246 ε
452 2193 580 2261 Equidem
589 2195 620 2245 de
630 2209 658 2244 te
668 2192 706 2244 nil
716 2195 766 2244 tale
776 2191 884 2245 verebar
894 2209 903 2248 3

201 2292 257 2342 Nec
268 2291 306 2344 sas
319 2309 327 2350 3
341 2306 414 2342 non:
428 2289 465 2340 ita
477 2305 519 2341 me
531 2289 625 2342 reserat
637 2287 684 2340 tibi
695 2295 804 2357 magnus
814 2300 941 2341 ovantem

200 2386 325 2455 Jupiter,
340 2397 384 2436 aut
396 2383 555 2452 quicumque
565 2383 650 2436 oculis
659 2375 715 2436 hlaec
724 2382 816 2452 aspicit
829 2381 922 2451 aeq'uis.

145 2485 255 2537 zrosed
267 2483 286 2536 fi
298 2481 357 2552 quis
369 2479 379 2544 (
391 2498 448 2550 quae
458 2483 540 2533 multa
549 2479 625 2532 vides
635 2479 785 2532 discrimine
795 2478 861 2550 tali)

201 2579 229 2632 si
240 2579 298 2648 quis
308 2579 337 2631 in
346 2578 482 2630 adversum
492 2577 576 2644 rapiat
585 2576 691 2630 casusve
703 2576 826 2639 Deusve‚

147 2678 151 2686 '
201 2677 241 2730 Te
250 2673 378 2744 superesse
387 2673 472 2726 velim
486 2691 492 2726 :
506 2689 551 2726 tua
562 2672 620 2726 viti
633 2673 739 2742 dignior
748 2687 821 2724 πτας.

201 2773 241 2826 Sit
251 2772 297 2841 qui
305 2787 348 2824 me
357 2785 461 2840 raptum
470 2769 558 2840 pugni
570 2769 693 2840 pretiove
703 2771 869 2837 redemptum

202 2871 311 2926 Mander
318 2868 401 2926 humo
411 2865 504 2931 soliti3
514 2881 573 2936 aut,
583 2867 603 2922 fi
612 2883 664 2938 qun
673 2865 701 2922 id
709 2866 815 2922 sornrna
824 2860 941 2926 vetabit,

276 2983 279 2989 ¹
834 2958 944 3014 Absenti
