2036 3480
182 175 257 252 188
375 167 763 276 AEuarnosj

175 326 316 394 Suspendit
325 326 410 396 capita
423 366 431 391 ,
449 327 475 379 &
484 325 601 379 rorantia
612 324 737 396 sanguine
748 337 846 394 portat.
918 353 922 362 ·

175 425 224 476 Ille
236 425 323 476 Talon
332 423 495 492 Tanaimque
506 423 565 476 neci
575 462 584 487 ‚
595 423 745 492 sortemque
757 424 907 492 Cethegum
917 449 935 486 r·

177 521 243 574 Tres
253 539 308 574 uno
318 520 471 590 congressu,
486 522 512 574 &
521 520 644 574 moestum
656 520 740 573 mittit
752 521 885 590 Ouyten,

124 616 173 670 515
184 620 291 672 Nomen
303 617 475 682 Echionium,
486 617 628 688 matrisque
640 635 723 688 genus
736 616 856 670 Peridiae.

178 715 230 767 Hic
241 715 332 766 fratres
343 714 426 784 Lycia
436 713 526 767 missos
538 715 564 767 ὃ(
575 715 710 784 Apollinis
724 715 811 786 agris,

178 812 210 862 Et
221 810 347 876 juvenem
362 813 474 865 exosum
486 813 662 882 nequicquam
674 813 742 865 bella
754 813 898 864 Menoeten

178 909 293 962 Arcada:
307 910 415 978 piscosae
425 912 468 964 cui
480 911 579 964 circum
589 910 700 964 flumina
711 913 802 964 Lemae

179 1007 228 1058 Ars
238 1007 322 1059 suerat
333 1047 340 1072 ,
352 1025 503 1078 pauperque
514 1010 607 1061 domus
619 1025 627 1067 ;
638 1023 686 1059 nec
697 1022 761 1059 nota
772 1021 916 1076 potentum
1002 1033 1005 1050 ι

128 1105 315 1166 520Munera·,
329 1105 511 1176 conductique
523 1121 598 1174 pater
610 1107 704 1158 tellure
716 1105 826 1176 serebat.

146 1187 149 1196 ⁴
179 1203 218 1254 Ac
229 1204 304 1256 velut
314 1203 419 1256 immiffi
429 1202 537 1256 diverfis
549 1202 665 1272 partibus
675 1201 752 1272 ignes

179 1301 306 1352 Arentem
316 1300 345 1352 in
355 1301 476 1370 sylvam,
490 1299 641 1370 &virgulta
651 1299 773 1354 sonantia
782 1302 876 1352 lauro:

180 1397 234 1448 Aut
245 1395 290 1448 ubi
302 1397 410 1450 decursu
422 1397 514 1466 rapido
527 1400 558 1452 de
571 1398 707 1451 montibus
719 1397 779 1450 altis

181 1494 929 1579 Dantsonitumspumosiamnes,&inaequoracurtutttr
1004 1531 1005 1536 =

129 1598 175 1650 525
187 1591 305 1660 Quisque
317 1591 392 1644 suum
404 1594 546 1661 populatus
559 1593 609 1645 iter
622 1612 629 1645 ι
642 1609 699 1646 non
710 1592 813 1662 segnius
825 1593 906 1644 ambo

180 1687 275 1740 AEneas
286 1689 441 1757 Turnusque
453 1704 533 1741 ruunt
541 1706 589 1758 per
600 1690 696 1758 proelia
707 1711 715 1744 ι
726 1707 814 1754 nunc,
827 1705 900 1742 nunc

181 1783 300 1838 Flusluat
309 1785 348 1837 ira
357 1785 428 1837 intus
440 1804 448 1837 r
459 1801 618 1856 rumpuntur
627 1789 714 1862 nescia
723 1787 797 1840 vinci

182 1879 308 1935 Pectora:
321 1899 390 1936 nunc
402 1882 467 1935 totis
480 1883 508 1936 in
520 1885 632 1937 vulnera
643 1884 745 1938 viribus
756 1883 818 1937 itur.

182 1979 929 2052 Murrhanumhic,atavos&avorumantiquasonantem

131 2085 180 2138 530
188 2077 305 2148 Nomina
315 2117 322 2142 ,
333 2095 380 2148 per
390 2079 515 2154 regesque
525 2078 611 2131 aslum
621 2095 703 2148 genus
714 2095 794 2130 omne
804 2078 929 2144 Latinos,

183 2176 351 2246 Praecipitem
359 2178 469 2246 scopulo
480 2192 558 2248 atque
570 2177 686 2248 ingentis
696 2175 799 2229 turbine
809 2175 866 2228 saxi
952 2183 955 2190 ’

182 2273 307 2338 Excutit,
321 2273 484 2342 effunditque
491 2274 559 2326 solo.
568 2275 645 2326 Hunc
654 2276 712 2325 lora
722 2273 748 2324 ἃ
757 2270 818 2342 juga
829 2272 920 2324 subter

182 2367 348 2423 Provolvere
359 2385 440 2434 rotae,
451 2371 543 2422 crebro
555 2369 632 2439 super
641 2371 739 2440 ungula
750 2368 826 2438 pulsu

182 2467 267 2520 Incita
278 2484 327 2520 nec
339 2466 442 2520 domini
454 2483 604 2520 memorum
616 2469 751 2534 proculcat
762 2481 907 2535 equorum.

131 2581 177 2634 535
188 2565 236 2614 Ille
249 2565 336 2638 ruenti
349 2565 435 2633 Hyllo
447 2562 594 2630 animisque
604 2562 720 2617 immane
729 2560 853 2616 frementi

13 2671 14 2726 l
184 2657 326 2722 Occurrit,
339 2661 475 2728 telumque
485 2673 573 2710 aurata
583 2659 614 2710 ad
625 2672 747 2728 tempora
757 2673 882 2728 torquet:

183 2753 242 2808 Olli
252 2770 299 2822 pet
311 2757 414 2824 galeam
426 2753 484 2810 fixo
493 2753 563 2806 stetit
572 2754 641 2807 hasta
653 2757 770 2808 cerebro.

182 2853 301 2906 Dextera
312 2867 361 2906 nec
370 2865 415 2905 tua
424 2866 465 2918 te,
477 2849 588 2906 Graium
597 2849 736 2906 fortissirue
749 2853 862 2914 Creteu.
924 2907 927 2912 ,
