2036 3480
184 231 267 314 234
392 203 732 290 VIRGILII

180 366 251 420 Ante
259 368 330 448 hunc
341 369 512 440 conspectum
524 369 631 422 casusve
643 367 753 422 Deusve
765 363 870 420 tulisset
882 386 912 420 :r

181 465 235 518 Aut
246 466 317 521 ferro
326 469 378 521 hoc
390 468 400 533 (
411 469 495 537 aperit
504 468 603 521 ferrum
615 467 688 536 quod
697 465 769 519 veste
777 467 907 538 latebat)

127 561 178 626 285
188 562 353 632 Purpureum
365 564 447 632 patris
457 563 620 633 dempsissent
629 563 731 617 vertice
743 563 862 628 crinem,

110 667 113 674 “
182 662 237 713 Aut
248 659 314 712 mihi
326 661 448 728 praesenti
460 659 616 730 peperissem
625 663 738 716 volnere
747 661 862 716 lethum.

183 756 242 809 Vix
252 757 307 810 haet
319 757 453 822 ediderat,
466 759 527 812 crim
537 761 609 812 clade
618 758 745 812 exterrita
754 757 822 812 tristi

182 853 308 908 Intonsos
318 857 405 908 multo
416 858 537 925 deturpat
549 858 659 924 pulvere
670 855 770 918 crinis,

183 953 216 1004 Et
225 953 341 1023 graviter
351 953 442 1022 questu
453 956 546 1006 Carme
558 955 708 1022 complorat
720 951 801 1006 anili:

129 1061 182 1115 290
190 1048 217 1102 0
227 1050 293 1103 mihi
302 1068 373 1104 nunc
385 1051 481 1106 iterum
494 1051 607 1104 crudelis
620 1051 720 1104 reddite
730 1049 823 1103 Minos
836 1088 845 1115 ,

185 1147 212 1202 0
226 1147 322 1202 iterum
334 1147 428 1201 nostrae
438 1148 531 1201 Minos
542 1147 650 1201 inimice
663 1147 773 1201 senedtae

184 1245 309 1315 Semper,
325 1248 353 1300 δι
362 1261 406 1299 aut
418 1245 484 1300 olim
495 1245 582 1300 netad
593 1260 620 1298 te
632 1259 743 1315 propter
751 1245 876 1298 eumdem
888 1286 897 1312 ‚

183 1343 238 1399 Aut
247 1361 323 1398 amor
332 1343 429 1398 insanae
438 1343 538 1398 ludium
547 1343 669 1414 portavit
678 1345 801 1398 dumne.

184 1440 259 1494 Tene
268 1457 320 1512 ego
330 1456 383 1495 tam
393 1439 474 1514 longi
486 1457 561 1511 capta
572 1455 651 1512 atque
661 1439 753 1496 aresta
762 1439 896 1510 nequivi,
1005 1482 1006 1500 ι

128 1549 177 1602 295
188 1536 255 1590 Tam
266 1553 347 1608 grave
359 1538 513 1604 servitium,
526 1553 581 1592 tam
591 1540 671 1592 duros
683 1535 753 1607 passa
762 1537 884 1602 labores,

182 1633 305 1706 Effugere
315 1676 323 1701 ‚
335 1651 365 1690 ut
376 1637 459 1690 sistam
472 1636 586 1691 exitium
598 1637 703 1690 crudele
715 1637 857 1689 meomm?

101 1756 116 1782 ··
182 1731 241 1786 Jam
251 1729 304 1798 iam
314 1747 363 1785 nec
373 1733 450 1786 nobis
460 1750 491 1786 ea
502 1773 509 1798 ‚
522 1751 581 1802 quar
591 1731 755 1796 senioribus,
767 1731 852 1785 ulium

183 1827 271 1896 Copia
280 1827 394 1882 vivendi
403 1829 467 1883 vitea
477 1846 560 1901 genus
571 1849 578 1883 ι
589 1844 619 1883 ur
631 1829 696 1900 quid
707 1845 759 1900 ego
768 1845 860 1884 ament
907 1821 913 1834 '

183 1925 223 1978 Te
233 1939 324 1994 erepta
334 1965 342 1990 ‚
354 1925 372 1981 ὂ
382 1926 537 1982 Britomarti
547 1967 555 1992 ‚
567 1943 633 1982 meat
643 1928 703 1996 spes
714 1943 768 1980 una
776 1927 885 1992 salutis,

128 2038 182 2092 300
187 2025 243 2088 Te,
253 2025 406 2078 Britomarti
418 2065 426 2090 ,
439 2025 510 2078 diem
521 2025 599 2094 potui
609 2027 755 2094 producere
766 2024 853 2080 vitae?

181 2122 270 2192 Atque
281 2121 384 2176 utinam
395 2122 485 2176 Cereri
496 2162 503 2187 ,
516 2137 565 2176 nec
574 2137 677 2176 tantum
688 2137 760 2194 grata
770 2121 866 2177 Dianas

181 2221 304 2274 Venatus
317 2218 382 2273 esses
393 2219 473 2290 virgo
485 2219 580 2272 sedata
589 2219 730 2284 virorum,

122 2317 124 2322 '
182 2317 289 2371 Cnosia
300 2291 461 2370 nestamho
471 2317 634 2370 contendens
646 2317 747 2386 spicula
757 2333 842 2371 cornu

181 2416 298 2470 Didaas
309 2430 399 2486 ageres
408 2415 440 2466 ad
450 2413 568 2485 gramina
578 2429 643 2467 nota
651 2415 783 2484 capellasz

126 2528 175 2582 305
185 2515 337 2583 Numquam
349 2527 403 2566 tam
415 2510 515 2566 obnixe
527 2509 631 2582 fugiens
641 2510 746 2565 Minois
757 2527 885 2577 amores,

181 2609 302 2679 Praeceps
314 2610 392 2664 aeriis
403 2609 507 2679 specula
517 2610 549 2663 de
558 2610 694 2663 montibus
704 2607 764 2664 iffes
774 2649 782 2674 ,

181 2707 260 2762 Unde
272 2706 319 2760 alii
328 2705 419 2778 fugisse
431 2706 536 2769 serunt,
549 2706 576 2758 δι
585 2708 694 2760 numina
705 2707 801 2761 Phocoe
857 2708 861 2715 '

82 2827 84 2838 ¹
182 2803 305 2876 Virginis
319 2801 463 2873 assignant:
477 2801 541 2868 alii,
557 2799 613 2872 qud
622 2802 715 2856 notior
724 2801 807 2869 effes,

182 2902 347 2975 Dictynnam
358 2897 449 2954 dixere
460 2913 508 2954 tuo
520 2900 552 2952 de
565 2898 676 2954 nomine
688 2899 799 2956 Lunam.
