2036 3476
272 183 502 267 [ΜΗ
545 175 637 262 XI.
740 182 811 297 165

75 351 218 419 Extemplo
229 350 276 403 teli
285 349 422 402 stridorem
432 348 558 416 aurasque
569 346 692 399 sonantes

76 447 168 501 Audiit
176 447 229 500 und
240 450 343 514 Aruns,
358 447 483 516 haesttque
493 445 644 513 incorpore
653 443 757 496 serrum.

76 546 156 597 Illum
168 545 346 615 exspirantem
356 544 422 598 socii
434 558 512 612 atque
524 557 643 596 extrema
655 550 805 610 gementem
825 530 874 598 865

79 641 167 694 Obliti
179 640 274 712 ignoto
284 631 439 709 camporum
449 642 477 692 in
487 640 598 708 pulvere
607 639 750 706 linquunt:

80 736 151 808 Opis
160 741 192 791 ad
202 740 344 793 aeutereum
354 738 449 808 pennis
459 738 574 792 aufertur
584 735 745 805 Olympum.

98 844 100 849 ’
116 834 204 887 Prima
213 835 280 905 sugit
290 835 398 888 domini
408 833 503 888 amissd
514 833 583 887 levis
594 834 633 885 ala
644 831 778 884 Camillae:

81 931 191 984 Turbati
200 931 304 1006 sugium
313 931 406 984 Rutuli
417 969 424 994 ‚
436 929 504 1001 sugit
516 946 574 983 acer
583 929 692 989 Atinas;

80 1027 249 1097 Disjesiique
259 1031 337 1082 duces
349 1069 356 1093 ‚
370 1028 534 1098 desolatique
545 1027 656 1095 manipli
828 1023 882 1085 870

81 1126 153 1178 Tuta
162 1141 273 1194 petunt,
288 1126 401 1196 &equis
412 1125 496 1178 aversi
508 1126 540 1178 ad
548 1123 649 1177 moenia
659 1125 780 1178 tendunt.

83 1223 141 1274 Nec
152 1222 289 1293 quisquam
298 1222 422 1276 instantes
429 1223 549 1276 Teucros
554 1221 708 1302 lethumque
714 1219 828 1274 serentes

83 1318 233 1374 Sustentate
242 1323 317 1374 valet
324 1319 385 1374 telis
397 1359 405 1385 ,
415 1335 461 1374 aut
471 1318 557 1372 sistere
566 1317 659 1372 contri
669 1337 677 1372 r

83 1417 136 1469 Sed
144 1418 221 1470 laxos
231 1419 348 1471 referunt
358 1417 476 1470 humeris
485 1417 669 1487 languentibus
680 1433 754 1470 arcus
766 1455 774 1480 ‚

85 1513 345 1583 Quadrupedumque
351 1529 457 1582 putrem
463 1514 539 1568 cursu
546 1514 630 1584 quatit
636 1517 735 1585 ungula
742 1529 874 1584 campum.

85 1607 220 1662 Volvitur
231 1611 262 1662 ad
271 1625 362 1664 mutos
372 1611 485 1682 caligine
497 1611 615 1664 turbidus
626 1597 682 1666 arrd
833 1609 887 1672 876

86 1706 181 1762 Pulvis
191 1725 198 1761 ι
210 1707 237 1760 &
247 1724 262 1760 e
274 1707 385 1777 speculis
398 1708 522 1778 percussa
534 1709 643 1779 peilora
651 1725 749 1764 matres

87 1804 243 1858 Femineum
253 1807 396 1860 clamorem
407 1808 438 1859 ad
447 1807 511 1860 coeli
523 1807 604 1862 sidera
614 1809 722 1862 tollunt.

89 1899 147 1968 Qui
159 1902 235 1957 cursu
247 1916 337 1969 portas
349 1901 429 1969 primi
439 1902 556 1970 irrupere
567 1918 705 1972 patentes,

90 2001 149 2052 llos
162 1997 270 2052 inimica
281 1998 359 2066 supet
369 1998 458 2051 mixto
470 2000 566 2068 premit
579 2001 683 2070 agmine
696 2002 787 2054 rurba:
837 2001 891 2052 880

90 2100 149 2151 Nec
161 2096 282 2150 miseram
288 2093 419 2166 effugiunt
425 2110 557 2158 mortem
566 2097 610 2150 sed
619 2097 711 2150 limine
721 2098 750 2150 in
759 2097 834 2166 ipso,

92 2193 231 2248 Moenibus
241 2195 270 2248 in
278 2194 371 2264 patriis
382 2233 390 2258 ‚
400 2209 479 2263 atque
488 2194 557 2248 inter
566 2207 622 2246 tuta
631 2195 773 2246 domorum

95 2291 208 2346 Confixi
219 2291 354 2362 exspirant
363 2293 472 2347 animas.
486 2292 548 2346 Pars
560 2293 677 2362 claudere
690 2307 800 2360 portur,

93 2391 151 2444 Nec
161 2388 240 2442 sociis
249 2390 351 2458 aperire
362 2390 453 2454 viam,
470 2407 518 2443 uec
528 2389 660 2442 moenibus
670 2391 766 2468 audent

12 2473 13 2482 ¹
95 2485 223 2555 Accipere
232 2499 339 2539 orentes
352 2505 358 2538 ι
371 2485 509 2554 oriturque
519 2483 664 2538 miserrima
673 2487 756 2538 cedes
840 2487 891 2555 885

97 2581 293 2636 Defendentum
303 2582 383 2636 armis
392 2581 477 2636 aditus
488 2619 495 2647 ‚
512 2581 593 2652 inque
602 2599 673 2636 arma
682 2595 814 2640 tuentum·

98 2675 840 2752 Exclufi,mtenculoslacrymautumqueotaparentum

99 2773 162 2828 Pars
173 2773 203 2826 in
214 2775 361 2844 praecipites
370 2776 448 2832 fossas
458 2816 467 2841 ,
478 2792 588 2850 urgente
598 2777 674 2834 ruini
683 2817 694 2844 ,
750 2785 752 2790 '

101 2873 129 2926 V
131 2870 232 2927 olvitur
242 2890 251 2933 ·,
267 2870 385 2928 innisus
397 2891 456 2943 pars
467 2892 534 2929 caeca
546 2877 572 2930 δι
584 2878 687 2932 concita
698 2877 786 2932 frenis
