<?xml version="1.0" encoding="UTF-8"?>
<!DOCTYPE html PUBLIC "-//W3C//DTD XHTML 1.0 Transitional//EN"
    "http://www.w3.org/TR/xhtml1/DTD/xhtml1-transitional.dtd">
<html xmlns="http://www.w3.org/1999/xhtml" xml:lang="en" lang="en">
 <head>
  <title>
</title>
<meta http-equiv="Content-Type" content="text/html;charset=utf-8" />
  <meta name='ocr-system' content='tesseract 3.04.00' />
  <meta name='ocr-capabilities' content='ocr_page ocr_carea ocr_par ocr_line ocrx_word'/>
</head>
<body>
  <div class='ocr_page' id='page_1' title='image "./publiivirgiliim01cappgoog_0153.png"; bbox 0 0 2036 3476; ppageno 0'>
   <div class='ocr_carea' id='block_1_1' title="bbox 156 149 698 291">
    <p class='ocr_par' dir='ltr' id='par_1_1' title="bbox 156 149 698 291">
     <span class='ocr_line' id='line_1_1' title="bbox 156 149 698 291; baseline 0.004 -29"><span class='ocrx_word' id='word_1_1' title='bbox 156 185 232 291; x_wconf 73' lang='lat'>1&#39;38</span> <span class='ocrx_word' id='word_1_2' title='bbox 342 149 698 266; x_wconf 75' lang='lat' dir='ltr'>AErvaroos</span> 
     </span>
    </p>
   </div>
   <div class='ocr_carea' id='block_1_2' title="bbox 151 343 812 417">
    <p class='ocr_par' dir='ltr' id='par_1_2' title="bbox 151 343 812 417">
     <span class='ocr_line' id='line_1_2' title="bbox 151 343 812 417; baseline 0.003 -19"><span class='ocrx_word' id='word_1_3' title='bbox 151 343 202 398; x_wconf 85' lang='lat' dir='ltr'>Per</span> <span class='ocrx_word' id='word_1_4' title='bbox 213 345 303 417; x_wconf 82' lang='lat' dir='ltr'>sylvas</span> <span class='ocrx_word' id='word_1_5' title='bbox 315 345 426 413; x_wconf 84' lang='lat' dir='ltr'>Teucri,</span> <span class='ocrx_word' id='word_1_6' title='bbox 440 345 572 417; x_wconf 86' lang='lat' dir='ltr'>mixtique</span> <span class='ocrx_word' id='word_1_7' title='bbox 582 346 693 417; x_wconf 72' lang='lat' dir='ltr'>impune</span> <span class='ocrx_word' id='word_1_8' title='bbox 704 343 812 412; x_wconf 80' lang='lat' dir='ltr'>Latini,</span> 
     </span>
    </p>
   </div>
   <div class='ocr_carea' id='block_1_3' title="bbox 67 436 734 516">
    <p class='ocr_par' dir='ltr' id='par_1_3' title="bbox 67 436 734 516">
     <span class='ocr_line' id='line_1_3' title="bbox 67 436 734 516; baseline 0.012 -25"><span class='ocrx_word' id='word_1_9' title='bbox 67 473 70 476; x_wconf 96' lang='lat'>-</span> <span class='ocrx_word' id='word_1_10' title='bbox 97 436 146 493; x_wconf 83' lang='lat'>135</span> <span class='ocrx_word' id='word_1_11' title='bbox 156 443 282 499; x_wconf 85' lang='lat' dir='ltr'>Erravere</span> <span class='ocrx_word' id='word_1_12' title='bbox 293 443 371 515; x_wconf 80' lang='lat' dir='ltr'>iugis.</span> <span class='ocrx_word' id='word_1_13' title='bbox 384 448 464 502; x_wconf 85' lang='lat' dir='ltr'>Ferro</span> <span class='ocrx_word' id='word_1_14' title='bbox 473 446 551 500; x_wconf 89' lang='lat' dir='ltr'>sonat</span> <span class='ocrx_word' id='word_1_15' title='bbox 560 445 613 500; x_wconf 69' lang='lat' dir='ltr'>ista</span> <span class='ocrx_word' id='word_1_16' title='bbox 622 445 734 516; x_wconf 84' lang='lat' dir='ltr'>bipenni</span> 
     </span>
    </p>
   </div>
   <div class='ocr_carea' id='block_1_4' title="bbox 109 535 908 905">
    <p class='ocr_par' dir='ltr' id='par_1_4' title="bbox 109 535 908 905">
     <span class='ocr_line' id='line_1_4' title="bbox 150 535 760 614; baseline 0.003 -20"><span class='ocrx_word' id='word_1_17' title='bbox 150 541 278 614; x_wconf 78' lang='lat' dir='ltr'>Fraxinus</span> <span class='ocrx_word' id='word_1_18' title='bbox 291 561 298 596; x_wconf 76' lang='grc' dir='ltr'><strong><em>ε</em></strong></span> <span class='ocrx_word' id='word_1_19' title='bbox 311 557 435 597; x_wconf 78' lang='lat' dir='ltr'>evertunt</span> <span class='ocrx_word' id='word_1_20' title='bbox 448 543 517 598; x_wconf 70' lang='lat' dir='ltr'>aslas</span> <span class='ocrx_word' id='word_1_21' title='bbox 530 545 562 598; x_wconf 91' lang='lat' dir='ltr'>ad</span> <span class='ocrx_word' id='word_1_22' title='bbox 573 544 655 598; x_wconf 82' lang='lat' dir='ltr'>sidera</span> <span class='ocrx_word' id='word_1_23' title='bbox 666 535 760 614; x_wconf 79' lang='lat' dir='ltr'>pitius:</span> 
     </span>
     <span class='ocr_line' id='line_1_5' title="bbox 109 620 879 718; baseline 0.006 -29"><span class='ocrx_word' id='word_1_24' title='bbox 109 620 113 632; x_wconf 78' lang='grc'><em>’</em></span> <span class='ocrx_word' id='word_1_25' title='bbox 149 635 257 692; x_wconf 83' lang='lat' dir='ltr'>Robora</span> <span class='ocrx_word' id='word_1_26' title='bbox 268 640 435 705; x_wconf 73' lang='lat' dir='ltr'>acrosticis,</span> <span class='ocrx_word' id='word_1_27' title='bbox 449 641 604 695; x_wconf 83' lang='lat' dir='ltr'>&amp;olentem</span> <span class='ocrx_word' id='word_1_28' title='bbox 615 641 733 695; x_wconf 84' lang='lat' dir='ltr'>scindere</span> <span class='ocrx_word' id='word_1_29' title='bbox 743 641 850 718; x_wconf 80' lang='lat' dir='ltr'>cedrum</span> <span class='ocrx_word' id='word_1_30' title='bbox 868 647 879 706; x_wconf 84' lang='lat'>,&#39;</span> 
     </span>
     <span class='ocr_line' id='line_1_6' title="bbox 149 735 908 810; baseline 0.005 -22"><span class='ocrx_word' id='word_1_31' title='bbox 149 737 207 789; x_wconf 81' lang='lat' dir='ltr'>Nec</span> <span class='ocrx_word' id='word_1_32' title='bbox 218 735 339 806; x_wconf 87' lang='lat' dir='ltr'>plaustris</span> <span class='ocrx_word' id='word_1_33' title='bbox 352 737 449 790; x_wconf 84' lang='lat' dir='ltr'>cessant</span> <span class='ocrx_word' id='word_1_34' title='bbox 459 737 565 792; x_wconf 74' lang='lat' dir='ltr'>veslare</span> <span class='ocrx_word' id='word_1_35' title='bbox 578 735 745 810; x_wconf 79' lang='lat' dir='ltr'>gementibus</span> <span class='ocrx_word' id='word_1_36' title='bbox 756 754 851 792; x_wconf 90' lang='lat' dir='ltr'>ornos.</span> <span class='ocrx_word' id='word_1_37' title='bbox 906 741 908 746; x_wconf 88' lang='grc'><strong>’</strong></span> 
     </span>
     <span class='ocr_line' id='line_1_7' title="bbox 186 829 840 905; baseline 0.006 -21"><span class='ocrx_word' id='word_1_38' title='bbox 186 833 219 885; x_wconf 86' lang='lat' dir='ltr'>Et</span> <span class='ocrx_word' id='word_1_39' title='bbox 230 829 283 898; x_wconf 86' lang='lat' dir='ltr'>iam</span> <span class='ocrx_word' id='word_1_40' title='bbox 294 834 363 887; x_wconf 85' lang='lat' dir='ltr'>sama</span> <span class='ocrx_word' id='word_1_41' title='bbox 373 835 470 889; x_wconf 82' lang='lat' dir='ltr'>volans</span> <span class='ocrx_word' id='word_1_42' title='bbox 482 875 490 902; x_wconf 88' lang='lat'>,</span> <span class='ocrx_word' id='word_1_43' title='bbox 504 835 573 888; x_wconf 87' lang='lat' dir='ltr'>tauri</span> <span class='ocrx_word' id='word_1_44' title='bbox 584 835 732 905; x_wconf 70' lang='lat' dir='ltr'>prenuntia</span> <span class='ocrx_word' id='word_1_45' title='bbox 741 835 840 900; x_wconf 77' lang='lat' dir='ltr'>lufflls,</span> 
     </span>
    </p>
   </div>
   <div class='ocr_carea' id='block_1_5' title="bbox 52 929 897 1016">
    <p class='ocr_par' dir='ltr' id='par_1_5' title="bbox 52 929 897 1016">
     <span class='ocr_line' id='line_1_8' title="bbox 52 929 897 1016; baseline 0.004 -36"><span class='ocrx_word' id='word_1_46' title='bbox 52 1007 56 1016; x_wconf 89' lang='lat'><em>.</em></span> <span class='ocrx_word' id='word_1_47' title='bbox 97 929 149 980; x_wconf 81' lang='lat'>¹40</span> <span class='ocrx_word' id='word_1_48' title='bbox 155 929 306 982; x_wconf 81' lang='lat' dir='ltr'>Evandrum</span> <span class='ocrx_word' id='word_1_49' title='bbox 321 931 489 1001; x_wconf 82' lang='lat' dir='ltr'>Evandrique</span> <span class='ocrx_word' id='word_1_50' title='bbox 502 934 598 986; x_wconf 88' lang='lat' dir='ltr'>domos</span> <span class='ocrx_word' id='word_1_51' title='bbox 612 933 638 986; x_wconf 76' lang='grc' dir='ltr'>δι</span> <span class='ocrx_word' id='word_1_52' title='bbox 650 932 751 984; x_wconf 86' lang='lat' dir='ltr'>moenia</span> <span class='ocrx_word' id='word_1_53' title='bbox 763 932 897 1006; x_wconf 81' lang='lat' dir='ltr'>complet,</span> 
     </span>
    </p>
   </div>
   <div class='ocr_carea' id='block_1_6' title="bbox 98 1025 949 2052">
    <p class='ocr_par' dir='ltr' id='par_1_6' title="bbox 98 1025 949 2052">
     <span class='ocr_line' id='line_1_9' title="bbox 150 1025 794 1093; baseline 0.003 -14"><span class='ocrx_word' id='word_1_54' title='bbox 150 1027 219 1093; x_wconf 71' lang='lat' dir='ltr'>Qua</span> <span class='ocrx_word' id='word_1_55' title='bbox 231 1025 313 1081; x_wconf 78' lang='lat' dir='ltr'>modo</span> <span class='ocrx_word' id='word_1_56' title='bbox 324 1026 458 1081; x_wconf 70' lang='lat' dir='ltr'>visiorem</span> <span class='ocrx_word' id='word_1_57' title='bbox 469 1029 547 1082; x_wconf 89' lang='lat' dir='ltr'>Latio</span> <span class='ocrx_word' id='word_1_58' title='bbox 559 1029 677 1082; x_wconf 79' lang='lat' dir='ltr'>Pallanta</span> <span class='ocrx_word' id='word_1_59' title='bbox 687 1027 794 1082; x_wconf 88' lang='lat' dir='ltr'>serebat.</span> 
     </span>
     <span class='ocr_line' id='line_1_10' title="bbox 150 1123 793 1193; baseline 0.003 -17"><span class='ocrx_word' id='word_1_60' title='bbox 150 1124 263 1176; x_wconf 77' lang='lat' dir='ltr'>Arcades</span> <span class='ocrx_word' id='word_1_61' title='bbox 276 1124 410 1193; x_wconf 84' lang='lat' dir='ltr'>adportas</span> <span class='ocrx_word' id='word_1_62' title='bbox 422 1140 514 1188; x_wconf 88' lang='lat' dir='ltr'>ruere,</span> <span class='ocrx_word' id='word_1_63' title='bbox 525 1125 551 1177; x_wconf 77' lang='grc' dir='ltr'>δι</span> <span class='ocrx_word' id='word_1_64' title='bbox 561 1125 593 1177; x_wconf 91' lang='lat' dir='ltr'>de</span> <span class='ocrx_word' id='word_1_65' title='bbox 602 1123 793 1178; x_wconf 85' lang='lat' dir='ltr'>morevetusto</span> 
     </span>
     <span class='ocr_line' id='line_1_11' title="bbox 152 1209 742 1292; baseline 0.003 -18"><span class='ocrx_word' id='word_1_66' title='bbox 152 1221 283 1274; x_wconf 80' lang='lat' dir='ltr'>Funereas</span> <span class='ocrx_word' id='word_1_67' title='bbox 295 1237 406 1291; x_wconf 81' lang='lat' dir='ltr'>rapuere</span> <span class='ocrx_word' id='word_1_68' title='bbox 416 1209 506 1277; x_wconf 67' lang='lat' dir='ltr'>saces&#39;:</span> <span class='ocrx_word' id='word_1_69' title='bbox 520 1223 591 1284; x_wconf 81' lang='lat' dir='ltr'>lucet</span> <span class='ocrx_word' id='word_1_70' title='bbox 601 1221 647 1275; x_wconf 87' lang='lat' dir='ltr'>via</span> <span class='ocrx_word' id='word_1_71' title='bbox 658 1224 742 1292; x_wconf 85' lang='lat' dir='ltr'>longo</span> 
     </span>
     <span class='ocr_line' id='line_1_12' title="bbox 152 1314 826 1389; baseline 0 -17"><span class='ocrx_word' id='word_1_72' title='bbox 152 1317 255 1374; x_wconf 83' lang='lat' dir='ltr'>Ordine</span> <span class='ocrx_word' id='word_1_73' title='bbox 265 1315 431 1371; x_wconf 84' lang='lat' dir='ltr'>flammarum</span> <span class='ocrx_word' id='word_1_74' title='bbox 443 1335 451 1378; x_wconf 66' lang='grc' dir='ltr'><strong>ς</strong></span> <span class='ocrx_word' id='word_1_75' title='bbox 465 1317 492 1370; x_wconf 75' lang='lat' dir='ltr'>dt</span> <span class='ocrx_word' id='word_1_76' title='bbox 501 1314 554 1371; x_wconf 73' lang='lat' dir='ltr'>late</span> <span class='ocrx_word' id='word_1_77' title='bbox 564 1315 726 1371; x_wconf 81' lang='lat' dir='ltr'>discriminat</span> <span class='ocrx_word' id='word_1_78' title='bbox 738 1333 826 1389; x_wconf 82' lang='lat' dir='ltr'>agros.</span> 
     </span>
     <span class='ocr_line' id='line_1_13' title="bbox 98 1413 900 1486; baseline -0.004 -15"><span class='ocrx_word' id='word_1_79' title='bbox 98 1421 146 1476; x_wconf 82' lang='lat'>¹45</span> <span class='ocrx_word' id='word_1_80' title='bbox 157 1413 257 1468; x_wconf 71' lang='lat' dir='ltr'>Contra</span> <span class='ocrx_word' id='word_1_81' title='bbox 269 1417 345 1470; x_wconf 87' lang='lat' dir='ltr'>turba</span> <span class='ocrx_word' id='word_1_82' title='bbox 355 1415 493 1486; x_wconf 80' lang='lat' dir='ltr'>Phrygum</span> <span class='ocrx_word' id='word_1_83' title='bbox 501 1414 615 1468; x_wconf 87' lang='lat' dir='ltr'>veniens</span> <span class='ocrx_word' id='word_1_84' title='bbox 625 1414 778 1486; x_wconf 79' lang='lat' dir='ltr'>plangentia</span> <span class='ocrx_word' id='word_1_85' title='bbox 786 1413 900 1485; x_wconf 77' lang='lat' dir='ltr'>jungunt</span> 
     </span>
     <span class='ocr_line' id='line_1_14' title="bbox 109 1511 851 1582; baseline 0.003 -19"><span class='ocrx_word' id='word_1_86' title='bbox 109 1527 111 1532; x_wconf 92' lang='lat'>·</span> <span class='ocrx_word' id='word_1_87' title='bbox 150 1511 274 1582; x_wconf 80' lang='lat' dir='ltr'>Agmina.</span> <span class='ocrx_word' id='word_1_88' title='bbox 288 1513 357 1582; x_wconf 74' lang='lat' dir='ltr'>Quae</span> <span class='ocrx_word' id='word_1_89' title='bbox 367 1511 507 1582; x_wconf 84' lang='lat' dir='ltr'>postquam</span> <span class='ocrx_word' id='word_1_90' title='bbox 520 1527 616 1566; x_wconf 87' lang='lat' dir='ltr'>martes</span> <span class='ocrx_word' id='word_1_91' title='bbox 626 1512 763 1566; x_wconf 86' lang='lat' dir='ltr'>succedere</span> <span class='ocrx_word' id='word_1_92' title='bbox 775 1511 851 1565; x_wconf 69' lang='lat' dir='ltr'>tediis</span> 
     </span>
     <span class='ocr_line' id='line_1_15' title="bbox 150 1607 881 1673; baseline 0.004 -12"><span class='ocrx_word' id='word_1_93' title='bbox 150 1607 299 1673; x_wconf 87' lang='lat' dir='ltr'>Viderunt,</span> <span class='ocrx_word' id='word_1_94' title='bbox 313 1607 434 1662; x_wconf 87' lang='lat' dir='ltr'>moestam</span> <span class='ocrx_word' id='word_1_95' title='bbox 450 1609 594 1662; x_wconf 84' lang='lat' dir='ltr'>incendunt</span> <span class='ocrx_word' id='word_1_96' title='bbox 606 1609 767 1663; x_wconf 85' lang='lat' dir='ltr'>clamoribus</span> <span class='ocrx_word' id='word_1_97' title='bbox 779 1611 881 1664; x_wconf 87' lang='lat' dir='ltr'>urbem.</span> 
     </span>
     <span class='ocr_line' id='line_1_16' title="bbox 150 1704 781 1774; baseline 0.006 -19"><span class='ocrx_word' id='word_1_98' title='bbox 150 1704 187 1756; x_wconf 81' lang='lat' dir='ltr'>At</span> <span class='ocrx_word' id='word_1_99' title='bbox 198 1720 256 1756; x_wconf 93' lang='lat' dir='ltr'>non</span> <span class='ocrx_word' id='word_1_100' title='bbox 266 1706 417 1763; x_wconf 87' lang='lat' dir='ltr'>Evandrum</span> <span class='ocrx_word' id='word_1_101' title='bbox 426 1705 499 1774; x_wconf 89' lang='lat' dir='ltr'>poris</span> <span class='ocrx_word' id='word_1_102' title='bbox 510 1705 546 1758; x_wconf 83' lang='lat' dir='ltr'>esi</span> <span class='ocrx_word' id='word_1_103' title='bbox 555 1705 598 1759; x_wconf 81' lang='lat' dir='ltr'>vis</span> <span class='ocrx_word' id='word_1_104' title='bbox 608 1707 662 1759; x_wconf 88' lang='lat' dir='ltr'>ulla</span> <span class='ocrx_word' id='word_1_105' title='bbox 672 1721 781 1768; x_wconf 70' lang='lat' dir='ltr'>tenerea</span> 
     </span>
     <span class='ocr_line' id='line_1_17' title="bbox 150 1801 819 1873; baseline 0.003 -19"><span class='ocrx_word' id='word_1_106' title='bbox 150 1801 202 1854; x_wconf 84' lang='lat' dir='ltr'>Sed</span> <span class='ocrx_word' id='word_1_107' title='bbox 211 1801 288 1854; x_wconf 83' lang='lat' dir='ltr'>venit</span> <span class='ocrx_word' id='word_1_108' title='bbox 297 1802 326 1854; x_wconf 88' lang='lat' dir='ltr'>in</span> <span class='ocrx_word' id='word_1_109' title='bbox 338 1803 442 1856; x_wconf 85' lang='lat' dir='ltr'>medios</span> <span class='ocrx_word' id='word_1_110' title='bbox 455 1821 462 1856; x_wconf 91' lang='lat'><strong>:</strong></span> <span class='ocrx_word' id='word_1_111' title='bbox 474 1803 573 1856; x_wconf 88' lang='lat' dir='ltr'>seretto</span> <span class='ocrx_word' id='word_1_112' title='bbox 583 1803 700 1858; x_wconf 81' lang='lat' dir='ltr'>Pallanta</span> <span class='ocrx_word' id='word_1_113' title='bbox 712 1802 819 1873; x_wconf 84' lang='lat' dir='ltr'>reposto</span> 
     </span>
     <span class='ocr_line' id='line_1_18' title="bbox 99 1897 949 1972; baseline 0.011 -25"><span class='ocrx_word' id='word_1_114' title='bbox 99 1899 306 1965; x_wconf 81' lang='lat' dir='ltr'>150Procumbit</span> <span class='ocrx_word' id='word_1_115' title='bbox 311 1900 478 1970; x_wconf 86' lang='lat' dir='ltr'>super‚atque</span> <span class='ocrx_word' id='word_1_116' title='bbox 484 1901 567 1954; x_wconf 82' lang='lat' dir='ltr'>haeret</span> <span class='ocrx_word' id='word_1_117' title='bbox 573 1901 772 1972; x_wconf 86' lang='lat' dir='ltr'>lacrymansque</span> <span class='ocrx_word' id='word_1_118' title='bbox 779 1897 949 1971; x_wconf 72' lang='lat' dir='ltr'>gemensquea</span> 
     </span>
     <span class='ocr_line' id='line_1_19' title="bbox 158 1996 868 2052; baseline 0.004 -4"><span class='ocrx_word' id='word_1_119' title='bbox 158 1997 191 2048; x_wconf 85' lang='lat' dir='ltr'>Er</span> <span class='ocrx_word' id='word_1_120' title='bbox 199 1996 246 2050; x_wconf 88' lang='lat' dir='ltr'>via</span> <span class='ocrx_word' id='word_1_121' title='bbox 254 1996 305 2050; x_wconf 82' lang='lat' dir='ltr'>vix</span> <span class='ocrx_word' id='word_1_122' title='bbox 314 1998 420 2049; x_wconf 87' lang='lat' dir='ltr'>tandem</span> <span class='ocrx_word' id='word_1_123' title='bbox 428 1997 493 2052; x_wconf 83' lang='lat' dir='ltr'>voci</span> <span class='ocrx_word' id='word_1_124' title='bbox 504 1999 591 2051; x_wconf 83' lang='lat' dir='ltr'>laxata</span> <span class='ocrx_word' id='word_1_125' title='bbox 603 1999 698 2051; x_wconf 89' lang='lat' dir='ltr'>dolore</span> <span class='ocrx_word' id='word_1_126' title='bbox 709 1997 760 2051; x_wconf 86' lang='lat' dir='ltr'>est:</span> <span class='ocrx_word' id='word_1_127' title='bbox 864 2009 868 2016; x_wconf 88' lang='lat'>&#39;</span> 
     </span>
    </p>
   </div>
   <div class='ocr_carea' id='block_1_7' title="bbox 10 2073 828 2188">
    <p class='ocr_par' dir='ltr' id='par_1_7' title="bbox 10 2073 828 2188">
     <span class='ocr_line' id='line_1_20' title="bbox 10 2073 828 2188; baseline 0.007 -47"><span class='ocrx_word' id='word_1_128' title='bbox 10 2123 11 2188; x_wconf 32' lang='lat' dir='ltr'>p</span> <span class='ocrx_word' id='word_1_129' title='bbox 114 2073 116 2080; x_wconf 33' lang='grc' dir='ltr'>Ι</span> <span class='ocrx_word' id='word_1_130' title='bbox 151 2095 216 2148; x_wconf 81' lang='lat' dir='ltr'>Non</span> <span class='ocrx_word' id='word_1_131' title='bbox 226 2094 297 2158; x_wconf 82' lang='lat' dir='ltr'>haec,</span> <span class='ocrx_word' id='word_1_132' title='bbox 313 2093 433 2159; x_wconf 76' lang='lat' dir='ltr'>oPaIIa,</span> <span class='ocrx_word' id='word_1_133' title='bbox 449 2095 556 2148; x_wconf 78' lang='lat' dir='ltr'>dederas</span> <span class='ocrx_word' id='word_1_134' title='bbox 569 2093 693 2164; x_wconf 85' lang='lat' dir='ltr'>promissa</span> <span class='ocrx_word' id='word_1_135' title='bbox 704 2081 828 2164; x_wconf 76' lang='lat' dir='ltr'>parenti,</span> 
     </span>
    </p>
   </div>
   <div class='ocr_carea' id='block_1_8' title="bbox 140 2189 900 2366">
    <p class='ocr_par' dir='ltr' id='par_1_8' title="bbox 140 2189 900 2366">
     <span class='ocr_line' id='line_1_21' title="bbox 140 2189 738 2246; baseline 0.002 -3"><span class='ocrx_word' id='word_1_136' title='bbox 140 2189 142 2194; x_wconf 78' lang='grc'>’</span> <span class='ocrx_word' id='word_1_137' title='bbox 152 2191 263 2246; x_wconf 74' lang='lat' dir='ltr'>Cautius</span> <span class='ocrx_word' id='word_1_138' title='bbox 274 2207 304 2245; x_wconf 89' lang='lat' dir='ltr'>ut</span> <span class='ocrx_word' id='word_1_139' title='bbox 313 2191 385 2245; x_wconf 68' lang='lat' dir='ltr'>savo</span> <span class='ocrx_word' id='word_1_140' title='bbox 395 2193 480 2245; x_wconf 81' lang='lat' dir='ltr'>velles</span> <span class='ocrx_word' id='word_1_141' title='bbox 492 2207 519 2244; x_wconf 89' lang='lat' dir='ltr'>te</span> <span class='ocrx_word' id='word_1_142' title='bbox 529 2192 634 2245; x_wconf 85' lang='lat' dir='ltr'>credere</span> <span class='ocrx_word' id='word_1_143' title='bbox 646 2189 738 2244; x_wconf 87' lang='lat' dir='ltr'>Marti.</span> 
     </span>
     <span class='ocr_line' id='line_1_22' title="bbox 152 2285 900 2366; baseline 0.003 -25"><span class='ocrx_word' id='word_1_144' title='bbox 152 2288 231 2341; x_wconf 83' lang='lat' dir='ltr'>Haud</span> <span class='ocrx_word' id='word_1_145' title='bbox 240 2287 345 2358; x_wconf 72' lang='lat' dir='ltr'>ignarus</span> <span class='ocrx_word' id='word_1_146' title='bbox 357 2304 431 2341; x_wconf 85' lang='lat' dir='ltr'>etam</span> <span class='ocrx_word' id='word_1_147' title='bbox 443 2287 569 2366; x_wconf 80' lang='lat' dir='ltr'>quantum</span> <span class='ocrx_word' id='word_1_148' title='bbox 579 2303 651 2338; x_wconf 79' lang='lat' dir='ltr'>nova</span> <span class='ocrx_word' id='word_1_149' title='bbox 661 2285 746 2356; x_wconf 83' lang='lat' dir='ltr'>gloria</span> <span class='ocrx_word' id='word_1_150' title='bbox 755 2285 785 2340; x_wconf 89' lang='lat' dir='ltr'>in</span> <span class='ocrx_word' id='word_1_151' title='bbox 796 2286 876 2343; x_wconf 79' lang='lat' dir='ltr'>armis</span> <span class='ocrx_word' id='word_1_152' title='bbox 889 2293 900 2356; x_wconf 70' lang='grc'>,“</span> 
     </span>
    </p>
   </div>
   <div class='ocr_carea' id='block_1_9' title="bbox 11 2381 783 2455">
    <p class='ocr_par' dir='ltr' id='par_1_9' title="bbox 11 2381 783 2455">
     <span class='ocr_line' id='line_1_23' title="bbox 11 2381 783 2455; baseline -0.005 -13"><span class='ocrx_word' id='word_1_153' title='bbox 11 2387 12 2392; x_wconf 71' lang='grc'>’</span> <span class='ocrx_word' id='word_1_154' title='bbox 99 2400 146 2454; x_wconf 76' lang='lat'>155</span> <span class='ocrx_word' id='word_1_155' title='bbox 158 2387 190 2438; x_wconf 87' lang='lat' dir='ltr'>Et</span> <span class='ocrx_word' id='word_1_156' title='bbox 202 2387 331 2454; x_wconf 74' lang='lat' dir='ltr'>pradulce</span> <span class='ocrx_word' id='word_1_157' title='bbox 344 2387 423 2438; x_wconf 87' lang='lat' dir='ltr'>decus</span> <span class='ocrx_word' id='word_1_158' title='bbox 432 2384 521 2455; x_wconf 88' lang='lat' dir='ltr'>primo</span> <span class='ocrx_word' id='word_1_159' title='bbox 532 2381 675 2438; x_wconf 88' lang='lat' dir='ltr'>certamine</span> <span class='ocrx_word' id='word_1_160' title='bbox 687 2381 783 2452; x_wconf 84' lang='lat' dir='ltr'>posset.</span> 
     </span>
    </p>
   </div>
   <div class='ocr_carea' id='block_1_10' title="bbox 102 2481 909 2940">
    <p class='ocr_par' dir='ltr' id='par_1_10' title="bbox 102 2481 909 2940">
     <span class='ocr_line' id='line_1_24' title="bbox 152 2481 817 2552; baseline -0.005 -15"><span class='ocrx_word' id='word_1_161' title='bbox 152 2483 280 2537; x_wconf 84' lang='lat' dir='ltr'>Primitiae</span> <span class='ocrx_word' id='word_1_162' title='bbox 292 2482 399 2549; x_wconf 81' lang='lat' dir='ltr'>juvenis</span> <span class='ocrx_word' id='word_1_163' title='bbox 411 2482 513 2535; x_wconf 73' lang='lat' dir='ltr'>misera</span> <span class='ocrx_word' id='word_1_164' title='bbox 524 2522 532 2546; x_wconf 88' lang='lat'>,</span> <span class='ocrx_word' id='word_1_165' title='bbox 542 2481 658 2551; x_wconf 86' lang='lat' dir='ltr'>bellique</span> <span class='ocrx_word' id='word_1_166' title='bbox 669 2481 817 2552; x_wconf 89' lang='lat' dir='ltr'>propinqui</span> 
     </span>
     <span class='ocr_line' id='line_1_25' title="bbox 115 2565 790 2643; baseline -0.006 -9"><span class='ocrx_word' id='word_1_167' title='bbox 115 2565 129 2580; x_wconf 45' lang='lat'><em>⁸</em></span> <span class='ocrx_word' id='word_1_168' title='bbox 152 2583 229 2634; x_wconf 89' lang='lat' dir='ltr'>Dura</span> <span class='ocrx_word' id='word_1_169' title='bbox 237 2580 402 2643; x_wconf 86' lang='lat' dir='ltr'>rudimenta,</span> <span class='ocrx_word' id='word_1_170' title='bbox 416 2579 442 2632; x_wconf 74' lang='grc' dir='ltr'>δι</span> <span class='ocrx_word' id='word_1_171' title='bbox 455 2577 522 2631; x_wconf 89' lang='lat' dir='ltr'>nulli</span> <span class='ocrx_word' id='word_1_172' title='bbox 533 2577 656 2631; x_wconf 84' lang='lat' dir='ltr'>exaudita</span> <span class='ocrx_word' id='word_1_173' title='bbox 666 2579 790 2632; x_wconf 85' lang='lat' dir='ltr'>Deorum</span> 
     </span>
     <span class='ocr_line' id='line_1_26' title="bbox 153 2673 899 2747; baseline -0.004 -16"><span class='ocrx_word' id='word_1_174' title='bbox 153 2680 228 2733; x_wconf 89' lang='lat' dir='ltr'>Vota</span> <span class='ocrx_word' id='word_1_175' title='bbox 238 2679 382 2747; x_wconf 87' lang='lat' dir='ltr'>precesque</span> <span class='ocrx_word' id='word_1_176' title='bbox 391 2691 457 2728; x_wconf 74' lang='lat' dir='ltr'>mee</span> <span class='ocrx_word' id='word_1_177' title='bbox 469 2679 475 2731; x_wconf 94' lang='lat'>!</span> <span class='ocrx_word' id='word_1_178' title='bbox 487 2689 569 2744; x_wconf 88' lang='lat' dir='ltr'>tuque</span> <span class='ocrx_word' id='word_1_179' title='bbox 577 2674 614 2744; x_wconf 53' lang='grc' dir='ltr'>,ὁ</span> <span class='ocrx_word' id='word_1_180' title='bbox 625 2673 780 2728; x_wconf 76' lang='lat' dir='ltr'>sanlliffima</span> <span class='ocrx_word' id='word_1_181' title='bbox 789 2675 899 2742; x_wconf 82' lang='lat' dir='ltr'>conjnx,</span> 
     </span>
     <span class='ocr_line' id='line_1_27' title="bbox 153 2770 888 2841; baseline -0.003 -12"><span class='ocrx_word' id='word_1_182' title='bbox 153 2774 230 2829; x_wconf 78' lang='lat' dir='ltr'>Felix</span> <span class='ocrx_word' id='word_1_183' title='bbox 241 2787 329 2828; x_wconf 87' lang='lat' dir='ltr'>morte</span> <span class='ocrx_word' id='word_1_184' title='bbox 338 2770 401 2836; x_wconf 76' lang='lat' dir='ltr'>rud,</span> <span class='ocrx_word' id='word_1_185' title='bbox 417 2787 503 2841; x_wconf 87' lang='lat' dir='ltr'>neque</span> <span class='ocrx_word' id='word_1_186' title='bbox 516 2770 545 2824; x_wconf 88' lang='lat' dir='ltr'>io</span> <span class='ocrx_word' id='word_1_187' title='bbox 555 2771 626 2825; x_wconf 90' lang='lat' dir='ltr'>hunc</span> <span class='ocrx_word' id='word_1_188' title='bbox 638 2771 740 2825; x_wconf 84' lang='lat' dir='ltr'>servata</span> <span class='ocrx_word' id='word_1_189' title='bbox 750 2774 888 2828; x_wconf 85' lang='lat' dir='ltr'>dolorem!</span> 
     </span>
     <span class='ocr_line' id='line_1_28' title="bbox 102 2867 909 2940; baseline 0.002 -20"><span class='ocrx_word' id='word_1_190' title='bbox 102 2869 153 2922; x_wconf 77' lang='lat'>160</span> <span class='ocrx_word' id='word_1_191' title='bbox 161 2869 261 2926; x_wconf 69' lang='lat' dir='ltr'>Contra</span> <span class='ocrx_word' id='word_1_192' title='bbox 270 2886 321 2940; x_wconf 81' lang='lat' dir='ltr'>ego</span> <span class='ocrx_word' id='word_1_193' title='bbox 333 2868 453 2922; x_wconf 86' lang='lat' dir='ltr'>vivendo</span> <span class='ocrx_word' id='word_1_194' title='bbox 462 2868 518 2922; x_wconf 88' lang='lat' dir='ltr'>vici</span> <span class='ocrx_word' id='word_1_195' title='bbox 528 2885 588 2923; x_wconf 86' lang='lat' dir='ltr'>mea</span> <span class='ocrx_word' id='word_1_196' title='bbox 596 2867 803 2938; x_wconf 80' lang='lat' dir='ltr'>sata,supersles</span> <span class='ocrx_word' id='word_1_197' title='bbox 902 2882 909 2891; x_wconf 81' lang='grc'><em>·</em></span> 
     </span>
    </p>
   </div>
   <div class='ocr_carea' id='block_1_11' title="bbox 0 0 1025 3476">
    <p class='ocr_par' dir='ltr' id='par_1_11' title="bbox 0 0 1025 3476">
     <span class='ocr_line' id='line_1_29' title="bbox 0 0 1025 3476; baseline 0 0"><span class='ocrx_word' id='word_1_198' title='bbox 0 0 1025 3476; x_wconf 95' lang='lat' dir='ltr'> </span> 
     </span>
    </p>
   </div>
  </div>
 </body>
</html>
