2020 3462
110 135 124 164 Ν

244 199 646 290 LrsenIX.
761 185 814 315 6'9

113 369 186 438 Ergo
199 370 286 424 aderat
297 369 422 440 promissa
431 369 486 424 dies
497 409 504 435 ,
517 371 545 424 δι
555 386 675 439 ternpore
684 369 770 424 Parere

78 465 177 518 Debita
189 465 353 535 complicant
365 505 372 530 ,
389 466 448 520 cum
460 467 544 520 Turni
554 466 649 532 injuria
661 483 772 522 matrem

78 559 227 614 Admonuit
236 561 313 616 sactis
321 562 420 618 ratibus
429 564 559 633 depellere
567 567 654 620 tedas.

80 657 131 710 Hic
144 656 260 726 primunt
271 675 343 713 nova
353 660 401 712 lux
410 659 494 713 oculis
507 660 629 724 obfultit,
643 661 669 714 δι
678 660 771 732 ingens
823 669 875 710 no

81 753 163 806 Visus
177 755 207 808 ab
220 755 323 808 Aurora
334 758 434 810 coelum
444 756 617 810 transcurrere
628 757 750 823 nimbus,

81 849 196 920 ldaeique
205 851 297 907 chori:
310 868 367 906 tunt
375 869 434 906 vox
444 852 575 906 horrenda
584 868 630 920 per
641 869 715 906 auras

83 947 201 1010 Excidit,
212 949 239 1002 δι
247 950 349 1003 Troum
358 949 569 1020 Rutulorumque
576 947 681 1020 agrninc
686 953 802 1022 complet
814 971 822 1005 r

83 1047 124 1099 Ne
135 1046 262 1114 trepidate
274 1063 345 1100 meas
356 1086 364 1112 ‚
375 1047 490 1111 Teucri,
502 1047 638 1101 defendere
650 1037 748 1112 naves,
799 1049 805 1074 '

84 1144 160 1195 Neve
172 1157 268 1206 armate
280 1161 373 1198 manus
387 1161 393 1196 :
406 1142 489 1198 muria
500 1141 561 1198 ante
572 1160 682 1200 exurere
695 1145 787 1200 Turno
827 1157 874 1208 115

83 1236 173 1306 Quitn
182 1239 263 1294 sacras
275 1239 376 1294 dubitur
387 1239 475 1309 pinus.
487 1241 547 1294 Vos
559 1239 595 1293 ite
605 1240 715 1303 solute,

82 1337 123 1389 Ite
133 1374 142 1400 ,
154 1337 220 1389 Deae
230 1335 316 1407 pelagi
328 1355 337 1396 ·‚
349 1336 466 1408 genitrix
477 1335 558 1403 iubet.
568 1336 601 1388 Et
611 1336 656 1389 suc
666 1351 777 1405 queque

84 1429 225 1486 Continui
233 1447 335 1501 puppes
346 1433 503 1501 abrumpunt
511 1429 618 1486 vincula
627 1431 707 1500 ripis3

84 1528 305 1598 Delphinumque
317 1531 400 1583 modo
412 1529 533 1584 demettis
546 1545 651 1599 equora
663 1527 752 1582 rostris

84 1627 140 1678 Ima
149 1639 253 1696 petunt.
264 1626 335 1680 Hinc
346 1625 474 1698 virginea
484 1628 495 1697 (
507 1626 625 1682 mirabile
635 1624 779 1680 monstrum
791 1624 802 1692 )
830 1643 882 1682 120

84 1725 208 1778 Reddunt
217 1724 243 1778 se
255 1724 366 1778 totidem
374 1724 453 1782 facies
467 1763 475 1789 ‚
490 1739 629 1794 pontoque
640 1724 758 1778 femnrur
770 1763 778 1790 ,

83 1820 162 1886 Quot
171 1819 243 1889 prius
254 1834 338 1874 orate
347 1820 468 1876 steterant
477 1823 508 1874 ad
519 1821 610 1875 littora
621 1837 717 1891 prore.

84 1915 252 1986 Obstupuere
263 1917 358 1972 animis
370 1917 479 1970 Rutuli:
492 1917 651 1970 conterritus
663 1917 719 1986 ipse

83 2013 210 2065 Turbatis
221 2011 353 2081 Messapus
366 2011 441 2082 equis
453 2032 459 2066 ε
471 2010 607 2066 tundetur
621 2013 647 2064 δι
659 2011 744 2066 amnis

84 2109 287 2172 Raucssoncnn
296 2106 880 2180 revocatquepedentTybetinusabalto.125

85 2207 122 2259 At
133 2223 192 2270 npn
203 2205 292 2260 audaci
304 2204 375 2260 ceffit
386 2203 481 2260 fiducia
492 2205 594 2260 Turno.

85 2304 169 2356 Ultro
181 2303 284 2356 animos
297 2301 369 2354 tollit
380 2299 475 2366 diuis,
491 2315 569 2370 atque
579 2299 696 2370 increpat
705 2301 791 2358 ultrot

124 2397 258 2465 Troianos
269 2399 326 2452 haec
336 2397 450 2452 monstra
459 2411 552 2467 petunt
564 2417 571 2452 t
582 2397 623 2452 his
633 2398 735 2468 Jupiter
746 2397 801 2468 ipse

85 2493 228 2548 Auxilium
239 2493 347 2546 solitum
358 2493 456 2562 eripuit
468 2511 474 2546 ι
487 2511 543 2547 non
552 2495 622 2557 tela,
639 2511 688 2547 nec
699 2495 773 2564 ignes

85 2589 248 2660 Exspediant
257 2591 380 2644 Rutulos.
391 2591 459 2661 Ergo
472 2590 553 2647 maria
566 2590 640 2644 invia
651 2590 779 2656 Teucris,
832 2605 884 2661 130
989 2635 991 2642 ,

84 2689 144 2740 Nec
155 2687 214 2756 spes
223 2689 276 2740 ulla
285 2687 352 2758 fuge
363 2706 370 2740 :
381 2703 467 2742 terum
477 2687 626 2757 perstitere
636 2687 816 2757 ademptaests

85 2783 171 2837 Terra
181 2797 268 2841 autem
278 2783 307 2836 in
316 2783 435 2846 manibus
445 2781 539 2838 nostris
552 2802 558 2836 :
572 2797 613 2837 tot
625 2782 708 2838 millia
719 2800 819 2856 gentes¹

85 2882 170 2936 Arma
181 2881 268 2938 ferunt
278 2881 359 2942 Itale.
371 2880 417 2936 Nil
428 2896 471 2938 ne
482 2878 570 2958 intulis
580 2891 696 2949 terrent,
