2020 3462
157 133 209 210 82
357 128 696 225 AEuaroor

153 289 267 362 Meffapi
281 329 288 356 ‚
307 291 431 348 &multo
442 271 561 365 phaleras
573 298 668 352 sudore
679 307 812 370 receptas}

192 387 224 438 Et
233 387 286 454 jam
296 390 381 459 prima
392 409 468 446 novo
480 394 615 465 spargebat
623 397 724 452 lumine
734 414 820 452 tetrae

99 485 154 552 460
160 484 272 539 Tithoni
284 503 408 542 croceum
418 491 542 560 linquens
553 493 655 546 Aurora
667 495 752 548 cubile
762 513 772 556 3

155 582 170 638 J
173 599 215 634 am
227 583 290 636 Sole
303 583 390 639 infuso
403 625 411 651 ,
422 586 475 653 jam
485 589 562 640 rebus
572 591 630 642 luce
640 590 755 656 tetellis,

106 704 109 712 ·
155 679 262 732 Turnus
273 683 301 734 in
310 699 382 736 arma
391 682 467 736 vitos
478 723 485 749 ,
498 685 579 737 armis
589 687 763 740 circumdatus
773 687 828 758 ipse
835 727 848 754 ,

156 777 269 831 Suscitat
281 819 289 843 ,
307 781 449 850 aeratasque
461 781 530 838 acies
543 781 571 834 in
582 782 678 850 proelia
690 785 764 854 cogit

157 876 277 946 Quisque
288 877 368 941 suos,
383 878 516 948 variisque
525 895 623 932 acuunt
632 882 784 934 rumoribus
797 881 861 938 itas.

101 973 151 1042 465
163 973 237 1040 Quin
246 975 302 1044 ipsa
311 975 417 1028 arretiis
430 975 511 1042 (visu
520 977 688 1044 miserabile)
702 979 730 1030 in
741 979 819 1032 hastis

159 1072 302 1143 Praefigunt
311 1074 397 1142 capita
407 1111 414 1139 ,
426 1075 451 1126 &
461 1076 547 1128 multo
557 1077 672 1129 clamore
683 1076 845 1145 sequuntur,

120 1196 123 1204 v
158 1172 306 1242 Euryali&
319 1171 385 1225 Nifi.

158 1269 283 1322 AEneadae
292 1268 350 1322 duri
362 1284 499 1322 murorum
509 1265 538 1320 in
548 1281 621 1336 parte
633 1266 731 1320 sinistra

161 1366 319 1437 Opposuere
329 1365 431 1430 aciem,
446 1382 508 1420 nam
518 1366 625 1420 dextera
634 1365 750 1436 cingitur
759 1365 851 1426 amnia

104 1480 158 1532 470
164 1463 339 1534 Ingentesque
349 1477 441 1517 tenent
452 1463 545 1528 lotias,
560 1465 586 1516 δι
599 1464 712 1518 turribus
723 1463 783 1516 altis

161 1563 237 1614 Stant
246 1560 351 1614 moesti:
362 1561 437 1614 fimul
449 1577 496 1613 ora
506 1560 596 1614 viriam
608 1559 717 1629 prefixa
726 1561 876 1626 videbant,

104 1681 108 1690 ·
122 1681 125 1688 ·
160 1660 231 1711 Nota
243 1657 323 1710 nimis
334 1656 455 1720 miseris,
470 1672 582 1726 atroque
593 1655 702 1709 fluentia
711 1658 783 1711 tabo.

160 1755 264 1810 Interea
275 1754 400 1822 pavidam
408 1754 526 1807 volitatu
539 1769 654 1823 pennata
665 1772 712 1823 per
721 1757 813 1808 urbem

161 1850 262 1905 Nuntia
270 1851 338 1906 fama
350 1851 420 1916 ruit,
433 1849 576 1926 matrisque
588 1852 709 1904 allabitur
719 1868 794 1905 aures

105 1968 155 2020 475
166 1950 292 2020 Euryali,
304 1965 334 2004 ac
345 1948 445 2003 subitus
458 1948 560 2002 miserae
571 1950 644 2001 calor
653 1947 707 2001 olla
717 1947 845 2018 reliquit:

160 2046 393 2109 Exculli,manibus
402 2046 483 2112 radii,
498 2048 672 2116 revolutaque
682 2044 779 2114 pensa:

101 2174 106 2184 ι
160 2147 260 2200 Evolat
269 2145 383 2209 infelix,
399 2147 425 2198 ἃ
436 2145 553 2200 femineo
563 2147 663 2198 ululatu
670 2181 680 2207 ,1

161 2241 241 2296 Sciffa
253 2261 357 2297 comam
370 2282 376 2307 ‚
393 2261 484 2302 muros
499 2259 591 2296 amens
603 2255 681 2312 atque
694 2240 799 2312 agmina
810 2241 889 2294 cursu

162 2341 249 2394 Prima
257 2343 326 2410 petit
337 2361 344 2394 ι
355 2358 411 2394 non
421 2341 465 2394 illa
476 2340 565 2393 virilm
575 2357 651 2404 ,non
660 2341 704 2392 illa
714 2339 821 2410 pericli,

107 2436 909 2508 480Telorumquememor;eoelumdelrincqtrestibusimplet:
967 2489 972 2500 ,

164 2535 243 2593 Hunc
254 2552 306 2605 ego
315 2540 342 2588 te'
353 2575 361 2600 ‚
372 2536 501 2606 Euryale,
511 2532 611 2604 aspicio
622 2536 634 2588 i
645 2548 708 2586 tune
720 2533 765 2587 illa
776 2532 891 2588 ferreae

101 2657 109 2666 ··
163 2632 227 2684 Sera
237 2649 304 2685 meae
316 2631 443 2702 requies?
456 2629 565 2699 potuisti
574 2630 695 2700 linquere
703 2630 807 2696 solam,

165 2729 307 2784 Crudelis?
320 2743 405 2782 necte
418 2727 463 2780 sub
472 2741 544 2780 tanta
555 2726 671 2795 pericula
681 2726 787 2780 millum

122 2825 125 2830 ‘
164 2823 518 2882 Affariextremimmiserae
528 2822 781 2894 datacopiamatri?
