2036 3476
151 177 254 260 154¹
338 149 681 234 AErvrrnos

147 311 314 377 Graminem
327 315 428 370 donum
437 314 538 370 Trivia
549 354 557 379 ‚
569 317 601 370 de
611 314 710 384 cespite
720 313 809 370 vellit.

145 411 211 466 Non
222 411 298 467 illum
308 411 384 466 tertis
395 413 476 476 ullae.
490 428 548 464 non
557 411 691 468 moenibus
699 413 777 466 urbes

146 507 298 577 Accepere,
313 525 400 578 neque
410 506 466 577 ipse
477 525 570 563 manus
580 508 683 562 feritate
694 507 812 564 dedisset.
915 535 921 539 ·

146 603 282 658 Pastorum
293 606 319 659 dt
328 606 392 659 solis
401 605 493 676 exegit
501 606 638 660 montibus
648 625 745 661 aevum.

97 703 149 755 570
156 702 206 754 Hic
218 717 306 756 natam
318 703 347 756 in
358 704 445 758 dumis
456 705 579 776 interque
590 705 726 759 horrentia
735 704 814 758 lustra

148 800 309 854 Armentalit
318 819 393 872 eque
403 803 527 858 mammis
538 804 564 856 δι
575 803 642 857 ledle
655 803 742 860 serino

146 899 272 951 Nutribat
283 937 291 964 ‚
304 899 403 956 teneris
414 900 574 972 immulgens
584 902 664 955 ubera
676 899 765 956 labris.

148 997 238 1066 thue
248 999 346 1066 pedum
358 997 452 1066 primis
464 997 550 1051 infans
559 997 669 1068 vestigia
678 997 775 1068 plantis

147 1092 279 1148 Institerat
291 1133 298 1158 ‚
314 1093 403 1160 iaculo
415 1097 516 1164 palmas
528 1095 651 1148 oneravit
661 1109 759 1156 acuro·,

97 1192 142 1244 575
153 1193 311 1262 Spiculaque
320 1209 356 1246 ex
364 1193 478 1245 humeto
487 1209 575 1261 parvae
588 1193 722 1262 suspendit
734 1194 761 1246 δι
770 1209 875 1251 arcum:

148 1289 200 1342 Pro
216 1289 309 1342 crinali
321 1306 386 1342 auro
398 1329 406 1354 ,
422 1305 472 1358 pro
484 1291 572 1360 longa
583 1289 701 1360 regmine
711 1293 802 1359 palla,

144 1384 266 1456 Tigridis
275 1385 393 1465 exsuvin
403 1403 451 1454 per
459 1386 567 1440 dorsum
577 1387 703 1451 avertice
712 1390 838 1456 pendent.

149 1485 215 1538 Tela
225 1501 304 1537 manu
315 1483 369 1551 jam
380 1497 438 1536 tum
449 1483 540 1538 reneri
552 1485 665 1553 puerilia
676 1485 766 1552 torsit,

149 1583 182 1634 Et
190 1582 298 1635 fundam
307 1583 385 1637 tereti
395 1583 494 1640 circum
504 1599 583 1652 caput
593 1587 648 1654 egit
656 1584 775 1649 habena,

43 1701 45 1707 ,
98 1673 390 1750 tssostrymoniamque
403 1697 495 1748 gruem
506 1693 551 1730 aut
562 1681 649 1731 album
658 1680 753 1746 dejecit
763 1683 878 1738 olorem.

149 1777 244 1830 Multae
256 1777 330 1830 illam
340 1774 431 1829 frustra
442 1775 580 1844 Tyrrhena
591 1791 639 1843 per
649 1776 747 1844 oppida
759 1791 858 1830 matres

150 1872 288 1942 Optavere
298 1888 410 1926 nurum:
422 1871 478 1924 sold
490 1884 615 1924 contenta
626 1869 733 1938 Diana,

149 1972 289 2025 AEternum
300 1971 416 2023 telorum
428 1970 455 2023 δι
465 1967 629 2040 virginitatis
642 1986 761 2024 amorem

148 2071 307 2124 intemerata
318 2059 392 2122 colit.
402 2069 511 2122 Vellent
522 2070 593 2122 haud
604 2083 725 2139 correpta
736 2069 824 2124 suiffer

99 2164 145 2230 585
155 2165 256 2218 Militid
267 2165 314 2220 tali
324 2205 333 2230 ‚
344 2156 439 2220 certata
448 2165 568 2220 lacessere
578 2168 712 2220 Teucros:

150 2263 216 2316 Cara
226 2263 292 2317 mihi
302 2263 485 2334 comitumque
494 2265 564 2318 soret
573 2281 643 2317 nunc
653 2281 707 2318 una
718 2283 845 2321 mearum.

144 2359 252 2414 'Venim
263 2375 310 2430 age
321 2399 328 2424 ,
346 2362 560 2431 quandoquidem
568 2361 628 2413 faris
638 2367 746 2431 urgetur
757 2364 855 2417 acerbis
867 2404 877 2429 ‚

148 2457 247 2511 Labere
256 2499 263 2524 ,
273 2459 414 2529 Nympha,
425 2458 491 2527 polo
501 2498 510 2523 ,
521 2456 639 2527 finesque
653 2459 739 2514 invise
746 2461 855 2515 Latinos
866 2501 875 2527 ‚

83 2565 85 2570 ’
148 2554 241 2608 Tristis
251 2555 297 2608 ubi
306 2554 417 2611 infausto
427 2554 704 2611 committitur-omine
714 2575 811 2629 pugna.

96 2669 146 2724 590
153 2652 217 2706 Haec
226 2670 290 2722 cape
300 2692 308 2717 ‚
319 2654 346 2707 δι
356 2653 478 2706 ultricem
488 2653 610 2721 pharetrd
621 2656 748 2724 deprome
758 2657 891 2728 sagittam,

148 2752 221 2816 Hac,
232 2752 394 2821 quicumque
404 2752 505 2804 sacrum
514 2752 625 2806 viollrit
636 2752 747 2808 vulnere
758 2771 875 2824 corpus,
895 2779 900 2786 ·

148 2849 372 2917 Trot‚1ralusve,
385 2849 451 2906 milri
461 2851 561 2921 pariter
569 2852 748 2926 dersanguine
759 2869 865 2923 peenas.
927 2835 936 2846 ’
