2020 3462
193 243 247 319 70
393 199 746 298 AErtutuos¹

192 374 222 426 Si
233 373 412 445 quaPhryges
423 390 478 442 pra
489 373 516 424 se
526 370 623 438 jadiant
632 369 756 439 responsa
764 367 895 427 Deotunt'.

138 473 241 536 1358at
252 472 311 525 fatis
321 470 475 540 Venerique
486 467 716 538 datum,tetigete
726 466 798 537 quiid
808 485 872 521 arva
1007 457 1008 488 *

191 569 293 622 Fertilis
303 567 427 622 Ausonia
436 566 540 620 Trois:
551 565 612 618 sunt
620 565 648 618 dt
656 581 716 618 mea
725 564 817 618 contri

189 667 252 720 Fata
261 664 346 730 milti,
361 666 432 720 fetro
443 664 595 718 sceleratam
604 662 756 716 exscindere
769 677 893 732 gentem,

175 745 176 753 ἵ
190 762 311 834 Coniuge
322 761 459 832 praerepti.
472 761 528 814 Nec
538 761 610 813 solos
619 758 704 830 tangit
712 759 816 812 Atridas

188 859 237 914 Iste
248 863 343 924 dolor,
356 859 470 928 solisque
480 857 543 910 licet
555 874 648 926 capere
659 873 731 909 arma
741 854 877 926 Mycenis.

135 969 187 1017 140
192 959 243 1010 Sed
251 957 355 1027 periisse
366 958 446 1010 semel
455 956 517 1008 satis
529 954 575 1009 est.
587 954 696 1008 Peccare
705 951 792 1007 fniffet

186 1052 257 1108 Ante
269 1054 331 1108 satis
342 1093 350 1118 ,
362 1053 468 1123 penitius
477 1051 559 1106 modd
568 1069 625 1104 non
634 1069 716 1123 genus
727 1067 808 1105 omne
817 1049 927 1118 perosos

187 1134 351 1205 renisum:
362 1149 465 1218 Qubus
474 1151 530 1203 nac
541 1149 622 1202 meru
634 1148 729 1202 fiducia
739 1147 820 1212 taut,

186 1248 368 1320 Fofl'arumque
379 1266 480 1312 mota,
495 1249 561 1301 lethi
572 1245 721 1316 discrimina
732 1262 827 1316 parva,

185 1347 260 1400 Dant
271 1346 384 1400 animos.
398 1348 433 1399 At
443 1361 498 1399 non
506 1345 631 1399 videntnt
640 1343 739 1397 moenia
748 1340 837 1408 Troiae

131 1456 178 1508 145
190 1443 308 1512 Neptuni
317 1442 439 1496 fabricata
450 1459 529 1496 manu
541 1442 674 1496 confidere
685 1439 715 1492 in
725 1440 818 1510 ignes?

185 1541 236 1593 Sed
246 1556 316 1603 vos,
329 1540 420 1595 alecti
432 1579 439 1604 ,
452 1541 524 1592 ferro
535 1539 595 1607 quis
606 1537 722 1590 scindere
731 1536 832 1590 vallum

108 1654 113 1660 ·
185 1639 318 1705 Apparet,
332 1638 357 1689 δι
367 1653 471 1690 mecum
482 1635 585 1688 invadit
596 1633 753 1703 trepidantia
765 1631 859 1688 castra?

96 1760 101 1768 ι
184 1736 248 1787 Non
257 1733 336 1786 annis
347 1733 412 1785 mihi
423 1731 539 1785 Vulcani
553 1770 561 1794 ,
576 1746 633 1784 non
644 1732 716 1785 nrille
728 1730 824 1784 carinis

185 1831 227 1882 Est
236 1848 304 1898 opus
314 1830 342 1883 in
353 1830 471 1882 Teucros
484 1849 491 1881 ι
502 1830 596 1880 addant
607 1828 633 1881 se
645 1829 768 1896 protinus
778 1843 872 1882 omnes

129 1941 180 1994 150
188 1927 286 1980 Etmsci
297 1926 385 1980 socios
400 1946 407 1980 r
420 1927 540 1980 tenebras
554 1927 580 1980 δι
592 1925 686 1978 inertia
697 1926 766 1979 furta

183 2023 308 2087 Palladii,
324 2023 394 2077 caefis
406 2025 514 2076 summae
526 2021 674 2076 custodibus
686 2021 770 2085 arcis,

182 2125 223 2174 Ne
232 2122 361 2181 timeantt
373 2137 421 2174 nec
433 2121 496 2190 equi
507 2137 576 2172 caca
584 2121 728 2172 condemur
740 2119 769 2171 in
778 2121 851 2174 alvo.

181 2219 251 2272 Luce
261 2222 346 2287 palam
358 2233 459 2271 certum
468 2215 505 2270 eii
515 2216 570 2286 igni
579 2216 739 2269 circumdare
748 2231 849 2270 mutos.

182 2316 259 2368 Haud
268 2315 314 2368 fibi
324 2331 383 2368 cunr
393 2313 493 2366 Danais
505 2329 561 2364 rem
572 2313 635 2365 saxo
648 2313 675 2364 &
685 2314 754 2380 pube
763 2312 869 2382 Pelasga

128 2427 174 2480 155
186 2411 241 2466 Effe
248 2409 484 2481 putent,decimum
493 2425 561 2478 quos
568 2408 665 2460 distulit
673 2408 773 2462 Hedor
778 2408 807 2460 in
813 2423 922 2462 annum.

182 2511 258 2562 Nunc
270 2511 353 2571 adeo,
366 2505 461 2559 melior
473 2505 601 2575 quoniam
613 2521 673 2573 pars
686 2505 742 2558 adia
752 2505 822 2569 diei,

182 2607 264 2672 Quod
272 2601 403 2673 superest,
417 2601 546 2656 latibene
556 2599 633 2670 gestis
643 2616 756 2670 corpora
765 2601 841 2653 rebus

182 2703 338 2763 Procurate,
350 2699 404 2753 viri
415 2737 422 2763 ,
434 2699 460 2752 δι
469 2714 585 2768 pugnam
596 2698 697 2766 sperate
708 2696 801 2765 parati.

216 2801 319 2852 Interea
331 2796 445 2868 vigilum
454 2794 574 2849 excubiis
586 2793 702 2847 obsidere
713 2808 804 2864 portas
917 2783 921 2794 '

128 2899 180 2952 160
188 2899 256 2951 Cura
268 2895 343 2950 datur
353 2891 489 2965 Messapo,
502 2893 530 2949 δι
539 2891 640 2950 neria
651 2890 759 2964 cingere
768 2887 894 2947 dammis.
