2036 3476
159 201 235 279 162
356 196 700 285 AErvatoos

153 355 280 410 Femineo
290 361 383 428 ptaedae
396 362 422 413 δι
432 361 579 431 spoliorum
590 366 694 418 ardebat
703 381 805 421 amore.

153 454 250 508 Telum
259 473 294 509 ex
304 458 402 511 infidiis
414 460 474 512 citm
488 461 594 513 tandem
605 475 727 530 tempore
739 479 817 532 capto

156 552 287 619 conjicit,
301 556 327 607 bt
337 557 445 626 superos
455 558 542 610 Aruns
554 557 588 611 fic
597 575 667 612 voce
677 575 816 628 precatur:

99 642 149 710 785
160 654 267 706 Summe
279 653 368 706 Dedm
380 695 386 719 ,
399 655 481 709 laudii
492 653 578 710 culios
590 657 706 712 Soraffis
717 660 836 728 Apollo,

157 750 247 816 Quem
256 751 337 819 primi
349 753 463 806 colimus
474 772 482 815 ;
494 754 538 807 cui
548 754 642 824 pineus
652 751 730 808 trdor
741 771 838 809 acervo

156 845 291 913 Pascitur,
304 848 331 902 δι
342 849 459 904 medium
469 850 531 904 steti
544 853 641 921 pietate
653 868 700 921 pet
712 851 803 923 ignem

158 945 280 998 Cultotes
292 944 376 999 multi
386 945 532 1016 premimus
544 946 654 1019 vestigia
665 948 767 1018 pruni:

157 1042 200 1094 Da
213 1081 221 1106 ,
232 1041 324 1108 Pater,
336 1043 389 1096 hoc
400 1041 495 1098 nolitis
507 1043 607 1098 aboleri
617 1044 728 1097 dedecus
739 1042 819 1098 armis
830 1082 838 1109 ‚

101 1147 155 1200 790
163 1139 355 1210 Omnipotens.
368 1142 431 1194 Non
441 1142 565 1196 exsuvias
577 1142 694 1212 pulsaeve
705 1158 839 1213 tropeum

156 1236 278 1310 Virginis
289 1276 297 1303 ,
309 1251 354 1291 aut
363 1237 448 1308 spolie
456 1239 510 1291 ulla
519 1251 583 1308 peto
594 1257 601 1292 t
614 1237 683 1292 mihi
692 1253 778 1292 cetera
789 1239 893 1292 laudem

155 1334 233 1388 Facta
241 1336 326 1390 serent
337 1354 345 1391 r
357 1337 413 1390 hec
423 1336 479 1391 dira
488 1354 550 1390 tneo
561 1340 624 1392 dum
636 1339 748 1392 vulnere
759 1336 840 1408 peliis

157 1433 234 1487 Pulsa
242 1435 315 1488 cadat
328 1473 336 1500 ‚
347 1434 446 1504 patrias
455 1436 580 1489 remeabo
590 1433 722 1507 inglorius
730 1435 819 1492 urbes.

157 1531 267 1598 Audiit,
284 1532 312 1586 bt
323 1534 384 1588 voti
397 1534 511 1589 Phoebus
524 1535 660 1590 succedere
672 1549 776 1604 partem

100 1635 151 1689 795
163 1629 255 1683 Mente
267 1632 338 1683 dedit
352 1650 360 1692 3
373 1647 474 1700 partem
483 1635 608 1684 volucres
622 1631 740 1700 dispersit
751 1630 780 1683 iu
790 1647 875 1686 auras.

157 1729 291 1779 Sterneret
301 1742 331 1780 ut
342 1727 426 1781 subiti
437 1729 566 1780 turbatum
580 1742 667 1780 morte
679 1727 819 1781 Camillam

157 1823 260 1876 Annuit
272 1823 377 1877 oranti:
390 1825 513 1878 reducent
523 1840 554 1877 ut
562 1825 647 1894 patria
655 1828 708 1879 alta
716 1827 821 1880 videret

159 1925 223 1978 Non
235 1921 306 1976 dedit
318 1941 326 1984 3
343 1921 424 1994 inque
436 1924 525 1976 Notos
536 1940 635 1977 vocem
645 1922 751 1977 vertite
762 1923 898 1990 procellae.

172 2045 175 2051 ·
194 2022 265 2092 Ergo
272 2035 301 2074 ut
308 2019 383 2074 milia
393 2037 474 2074 manu
482 2021 600 2076 sonitum
609 2019 681 2075 dedit
689 2019 758 2074 hasla
765 2035 813 2089 pet
819 2035 907 2086 auras,

101 2115 155 2168 800
164 2119 329 2174 Convertere
341 2119 445 2174 animos
456 2137 547 2184 acres,
564 2119 709 2189 oculosque
721 2120 806 2172 tulere

158 2216 254 2270 Cundli
265 2217 298 2270 ad
306 2218 425 2288 reginam
434 2216 537 2270 Volsci.
548 2215 623 2270 Nihil
631 2216 688 2285 ipsa
699 2231 878 2298 nequeunte,

156 2317 213 2369 Nec
225 2315 327 2369 sonittls
340 2331 444 2369 memor
457 2354 465 2379 ‚
482 2329 527 2367 aut
538 2313 674 2367 venientis
686 2315 718 2368 ab
730 2313 826 2368 aethere
837 2309 885 2366 teli
896 2330 907 2375 ι

128 2431 131 2440 ’
156 2411 237 2468 Halia
249 2414 295 2467 sub
308 2413 439 2466 exsertam
449 2413 534 2465 donec
544 2413 643 2480 perlata
651 2409 778 2480 papillam

158 2513 258 2577 Haesrt,
271 2482 477 2581 virgineumque
488 2507 542 2562 ulte
553 2507 620 2560 bibit
632 2507 688 2561 adia
700 2525 832 2564 cmotem.

102 2605 151 2668 805
164 2613 333 2664 Concurrunt
339 2605 448 2676 trepida
455 2604 577 2668 comites,
588 2603 777 2676 dominamque
784 2620 906 2661 tuentem

158 2705 309 2774 Suscipiunt
320 2724 326 2758 :
340 2703 478 2774 fugitante
491 2715 585 2756 ornnes
596 2701 740 2758 exterritus
751 2704 837 2756 Aruns
848 2743 856 2768 ,

158 2801 264 2857 Latitid
277 2801 418 2869 mixtoque
428 2815 521 2860 utentt
536 2817 585 2855 uec
597 2799 650 2868 iarn
661 2801 774 2870 amplitlt
786 2799 863 2855 bastae

161 2893 272 2956 Credere
283 2937 291 2964 ‚
304 2913 352 2953 nec
363 2895 424 2952 telis
437 2911 574 2953 otcuttete
583 2897 698 2971 virginis
708 2899 793 2954 audet.
