2036 3476
163 191 242 288 164
344 185 697 276 ›AENEIDOS

194 351 229 402 llt
238 350 338 404 Triviae
350 353 435 406 custos
448 353 599 418 iamdudum
612 355 640 406 in
652 353 788 408 montibus
800 349 883 420 Opis¹

156 448 219 500 Alta
228 448 299 502 sedet
308 449 417 504 summis
430 491 437 515 ,
453 451 603 522 speiiarque
613 451 733 505 interrita
743 467 853 520 pugnas.

157 545 249 615 thue
260 549 353 615 procul
366 548 456 600 medio
464 546 593 612 juvenum
603 547 632 600 in
641 551 757 615 clamore
767 549 903 606 furentum

158 640 299 710 Prospexit
307 641 374 696 tristi
384 647 521 698 multatam
531 659 618 698 morte
629 645 767 698 Camillam
777 663 785 704 3

103 732 156 794 840
162 741 346 810 ingemuitque
357 781 365 806 ‚
381 741 504 814 deditque
520 744 566 796 has
579 742 636 796 imo
647 742 756 812 peiiore
765 757 863 794 voces:

157 837 217 890 Heu
226 837 356 904 nimium,
368 839 467 910 virgo,
483 840 596 894 nimium
607 841 711 894 crudele
721 839 792 892 luisti

158 925 341 1003 Supplicium,
357 937 475 992 Teucros
487 953 582 992 conara
595 937 716 992 lacessere
727 927 808 994 bello.

157 1033 213 1086 Nee
223 1032 271 1086 tibi
283 1035 389 1088 deserta
400 1033 429 1086 in
437 1035 523 1088 dumis
533 1034 641 1088 coluisse
651 1035 766 1088 Dianam

157 1129 261 1182 Profuit
274 1170 281 1196 ‚
298 1147 342 1184 aut
352 1131 452 1186 nostras
461 1133 574 1186 humero
584 1131 681 1202 geffiffe
693 1133 838 1201 pharetras.

103 1223 152 1288 845
163 1230 227 1282 Non
236 1244 325 1282 tamen
335 1227 488 1283 indecorem
497 1244 543 1282 ma
552 1246 578 1284 te
588 1229 690 1300 Regina
699 1228 807 1299 reliquit

158 1325 561 1396 Extremajaminmortemeque
568 1327 678 1380 hocfiue
685 1326 794 1380 nomine
800 1324 904 1380 lethum

157 1423 308 1494 Pergentes
319 1423 384 1488 erit,
395 1439 440 1478 aut
448 1425 545 1485 famam
554 1424 662 1495 patieris
672 1423 772 1478 inulta.

157 1521 226 1572 Nam
236 1521 396 1591 quicumque
406 1535 482 1576 tuum
491 1522 609 1576 violavit
617 1523 728 1576 vulnere
740 1538 836 1590 corpus
847 1559 857 1586 ,

158 1617 249 1670 Morte
260 1620 316 1672 luer
327 1618 431 1672 meriti.
444 1619 504 1672 Fuit
513 1619 606 1688 ingens
619 1633 711 1670 morire
721 1618 767 1670 sub
779 1620 833 1672 alto

104 1712 156 1774 850
165 1712 244 1782 Regis
256 1713 391 1767 Dercenni
400 1728 507 1766 terreno
517 1729 553 1764 ex
561 1729 654 1781 aggere
663 1711 765 1766 bustum

158 1808 270 1878 Antiqui
281 1808 419 1862 Laurentis
431 1847 440 1873 ,
456 1808 592 1879 operique
604 1809 665 1862 ilice
674 1809 782 1864 testum.

158 1907 209 1959 iiic
221 1908 280 1960 Dea
288 1907 315 1960 se
325 1906 441 1976 primurn
452 1906 546 1977 rapido
555 1907 732 1978 pulcherrima
744 1907 803 1964 nisu

158 2003 230 2057 Sistit
243 2045 250 2069 ‚
266 2005 294 2058 δι
305 2007 434 2060 Atuntem
444 2007 549 2059 tumulo
558 2005 706 2074 speculatur
717 2007 749 2058 ab
758 2007 823 2059 alto.

159 2104 198 2156 Ur
208 2103 278 2158 vidit
288 2104 434 2174 fulgentem
446 2104 526 2158 armis
537 2143 545 2169 ‚
557 2121 587 2158 ac
598 2121 668 2158 vana
679 2115 825 2157 tumentem
837 2120 845 2156 ε

103 2201 134 2265 85
143 2201 211 2265 5Cur
221 2242 229 2266 ‚
240 2201 341 2273 iuquit,
355 2202 474 2256 diversus
487 2201 543 2255 abis
554 2204 565 2256 l
576 2203 627 2254 huc
637 2199 720 2270 dirige
731 2197 862 2270 greffumr

157 2299 230 2364 Huc,
241 2299 373 2368 periture,
383 2298 448 2352 veni
458 2317 467 2360 ·,
479 2297 566 2369 capias
575 2312 605 2350 ut
614 2298 693 2367 digna
704 2295 823 2352 Camilla

157 2395 278 2452 Praemia.
288 2397 365 2450 Tune
375 2396 455 2449 etiam
467 2396 527 2449 telis
539 2394 654 2448 moriere
665 2394 781 2450 Dianaei

146 2495 253 2560 Dixit,
270 2496 297 2550 &
306 2495 395 2550 autari
406 2497 545 2550 volucrem
554 2491 671 2548 Threiffa
681 2491 802 2562 sagittam

156 2593 329 2662 Deprompsit
341 2590 480 2662 pharetra,
493 2605 628 2658 cornuque
638 2587 738 2642 insensa
749 2587 862 2642 retendit
873 2627 883 2656 ,

100 2690 153 2744 860
159 2692 191 2744 Et
203 2690 279 2743 duxit
290 2689 390 2762 longe,
404 2691 488 2742 donec
501 2699 610 2742 curvata
619 2683 723 2741 coirent

155 2793 228 2844 Inter
237 2789 263 2842 se
273 2787 375 2858 capita,
388 2789 415 2840 δι
426 2785 547 2842 manibus
557 2784 610 2852 jam
622 2799 742 2854 taugeret
751 2784 854 2856 aequis,

126 2949 131 2964 .
148 2886 234 2962 ‘Lava
243 2885 328 2942 aciem
338 2883 402 2942 ferri
412 2921 420 2950 ‚
432 2879 524 2938 dextri
534 2898 672 2954 nervoque
681 2881 819 2954 papillam.
