2036 3476
317 168 568 256 LIBER
613 169 701 253 XI.
797 177 868 283 163

128 341 253 395 Ae'velut
262 341 322 406 ille,
335 343 487 412 priusquam
499 346 551 417 tela
560 342 668 396 inimica
680 343 835 413 sequantur,

129 438 268 494 Cominus>
281 439 309 492 in
321 453 427 494 montes
437 440 490 493 sese
504 439 580 493 avius
593 439 690 493 abdidit
701 441 789 504 altos,
873 439 929 492 810

128 536 228 590 Occiso
240 537 357 607 pallore,
370 541 449 608 lupus
462 579 470 604 ,
483 555 616 609 magnove
625 537 757 605 juvenco,

127 636 256 690 Conscius
268 637 371 690 audacis
381 637 460 699 faus,
474 641 635 708 caudamque
646 638 794 690 remulcens

127 732 244 801 Subiecit
255 736 421 804 pavitantem
431 752 528 802 utero,
547 736 686 807 sylvasque
698 734 814 804 petivit:

126 831 204 885 Haud
215 832 288 886 secus
300 847 336 886 ex
349 831 435 888 oculis
446 834 474 886 se
484 833 602 886 turbidus
614 831 717 886 abstulit
726 831 831 896 Aruns,

126 929 327 1000 Contentusque
335 928 397 1001 fugi
409 929 504 984 mediis
517 929 543 983 se
554 928 697 983 immiscuit
705 929 795 983 armis.
871 937 921 1005 815

161 1027 210 1080 Illa
221 1043 302 1080 manu
311 1025 430 1080 moriens
442 1028 526 1080 telum
537 1025 617 1080 trahit
630 1045 638 1088 ·,
654 1023 708 1080 orsa
718 1025 763 1080 sed
771 1024 841 1080 inter

123 1123 234 1178 Ferreus
244 1125 276 1178 ad
287 1121 370 1180 costas
381 1125 436 1178 alto
446 1123 493 1178 stat
504 1125 615 1178 vulnere
627 1138 729 1178 mucro.

121 1221 230 1276 Labitur
239 1222 379 1294 exsanguis
390 1262 397 1288 ‚
413 1223 535 1276 labuntur
546 1221 640 1294 frigida
648 1221 722 1276 letlro

120 1319 235 1373 Lumina
247 1339 254 1374 ε
266 1335 414 1390 purpureus
423 1321 558 1389 quondam
567 1319 643 1372 color
652 1334 700 1374 ora
710 1317 827 1391 reliquit.

120 1420 193 1474 Tum
202 1419 237 1472 src
247 1418 397 1488 exspirans,
409 1419 507 1471 Accam
519 1433 554 1470 ex
565 1414 707 1486 aequalibus
718 1431 799 1469 unam
868 1421 922 1476 820

119 1515 276 1586 Alloquitur
288 1555 295 1579 ,
314 1513 366 1569 fida
378 1529 439 1568 ante
451 1513 515 1568 alias
525 1531 583 1584 qua
593 1513 649 1566 sola
660 1505 800 1580 Camilla,
863 1526 866 1532 “

120 1614 237 1681 Quicum
247 1611 339 1682 partiri
348 1629 421 1666 curas
431 1631 440 1673 ·,
453 1626 531 1682 atque
543 1612 599 1664 hac
608 1611 645 1664 ita
655 1611 742 1666 fatur:

119 1709 253 1764 Haslenus
261 1750 268 1775 ,
276 1711 344 1765 Acca
354 1712 444 1774 soror,
457 1710 550 1780 potuis
561 1713 734 1764 nuncvulnus
742 1711 863 1764 acerbum

119 1805 236 1860 Conficit
247 1847 254 1870 ,
269 1808 295 1860 &
303 1807 419 1860 fenebris
430 1805 579 1876 nigrescunt
590 1808 680 1861 omnia
691 1808 799 1864 circum.
898 1816 901 1820 ’

117 1903 226 1974 Effuge,
241 1905 267 1955 δι
278 1902 334 1955 haec
345 1903 439 1954 Turno
450 1905 571 1956 mandata
582 1903 723 1959 novisima
734 1907 837 1975 perfer:
864 1914 914 1980 825

117 2002 243 2054 Succedat
252 2015 348 2070 pugnae
360 2037 367 2066 ‚
379 1997 564 2068 Troianosque
572 2013 658 2054 arceat
668 2005 741 2057 urbe.
861 2076 863 2080 Δ

115 2100 228 2168 Jamque
236 2099 306 2152 vale.
317 2096 403 2150 Simul
414 2095 456 2150 his
469 2095 545 2150 dinis
557 2097 692 2176 linquebat
698 2101 814 2156 habenas
827 2121 836 2163 3

50 2252 55 2260 ,
116 2199 157 2251 Ad
166 2185 262 2250 terram
273 2213 329 2250 non
338 2196 433 2265 sponte
442 2194 528 2248 fluens
539 2216 545 2249 r
558 2209 616 2250 tum
625 2197 788 2268 frigida'toto

115 2294 244 2358 Paulatim
253 2293 370 2348 exsolvit
380 2293 407 2346 se
418 2309 532 2362 corpore
544 2334 552 2359 ‚
564 2295 687 2366 lentaque
699 2299 768 2352 colla

115 2393 148 2444 Et
159 2407 264 2462 captum
275 2392 350 2445 letho
362 2391 452 2460 posuit
462 2405 540 2460 caput
553 2431 560 2456 ‚
577 2409 649 2446 arma
660 2394 812 2464 relinquens
822 2416 831 2460 3
861 2401 914 2470 830

115 2487 232 2558 Visaque
243 2507 303 2542 cum
317 2487 419 2560 gemitu
429 2489 497 2560 fugit
507 2489 641 2563 indignata
650 2492 696 2546 sub
705 2493 820 2552 umbras.

115 2585 185 2638 Tum
193 2585 260 2640 verb
269 2588 413 2642 immensus
422 2588 530 2659 surgens
540 2588 601 2642 serit
613 2606 690 2645 autea
701 2593 802 2650 clamor

114 2681 205 2737 Sidera
210 2700 224 2734 -:
236 2681 334 2748 dejella
343 2684 472 2737 crudescit
479 2701 567 2756 pugna
578 2687 698 2743 Camilli.

113 2782 252 2832 Incurrunt
264 2779 333 2832 densi
345 2781 420 2838 fimul
433 2783 522 2838 omnis
532 2785 610 2854 copia
621 2786 753 2842 Teucrum
763 2782 774 2853 ,¹

112 2869 333 2950 Tyrrhenumque
342 2879 615 2956 duees‚Evandrique
624 2883 732 2938 Arcadis
743 2887 800 2942 ala.
854 2893 904 2964 835
