<?xml version="1.0" encoding="UTF-8"?>
<!DOCTYPE html PUBLIC "-//W3C//DTD XHTML 1.0 Transitional//EN"
    "http://www.w3.org/TR/xhtml1/DTD/xhtml1-transitional.dtd">
<html xmlns="http://www.w3.org/1999/xhtml" xml:lang="en" lang="en">
 <head>
  <title>
</title>
<meta http-equiv="Content-Type" content="text/html;charset=utf-8" />
  <meta name='ocr-system' content='tesseract 3.04.00' />
  <meta name='ocr-capabilities' content='ocr_page ocr_carea ocr_par ocr_line ocrx_word'/>
</head>
<body>
  <div class='ocr_page' id='page_1' title='image "./publiivirgiliim01cappgoog_0181.png"; bbox 0 0 2036 3476; ppageno 0'>
   <div class='ocr_carea' id='block_1_1' title="bbox 203 163 988 278">
    <p class='ocr_par' dir='ltr' id='par_1_1' title="bbox 203 163 988 278">
     <span class='ocr_line' id='line_1_1' title="bbox 203 163 988 278; baseline 0.009 -32"><span class='ocrx_word' id='word_1_1' title='bbox 203 169 281 246; x_wconf 86' lang='lat'>166</span> <span class='ocrx_word' id='word_1_2' title='bbox 323 163 582 248; x_wconf 56' lang='lat' dir='ltr'>xAEuztzm.</span> <span class='ocrx_word' id='word_1_3' title='bbox 616 164 746 251; x_wconf 66' lang='lat' dir='ltr'>Lm.</span> <span class='ocrx_word' id='word_1_4' title='bbox 782 166 868 252; x_wconf 89' lang='lat' dir='ltr'>XI.</span> <span class='ocrx_word' id='word_1_5' title='bbox 972 271 988 278; x_wconf 83' lang='lat'>-</span> 
     </span>
    </p>
   </div>
   <div class='ocr_carea' id='block_1_2' title="bbox 136 331 942 896">
    <p class='ocr_par' dir='ltr' id='par_1_2' title="bbox 141 331 942 798">
     <span class='ocr_line' id='line_1_2' title="bbox 141 331 778 406; baseline 0.014 -22"><span class='ocrx_word' id='word_1_6' title='bbox 141 332 296 400; x_wconf 82' lang='lat' dir='ltr'>890Arietat</span> <span class='ocrx_word' id='word_1_7' title='bbox 305 331 451 402; x_wconf 75' lang='lat' dir='ltr'>inportat,</span> <span class='ocrx_word' id='word_1_8' title='bbox 465 334 491 386; x_wconf 73' lang='grc' dir='ltr'>δι</span> <span class='ocrx_word' id='word_1_9' title='bbox 503 334 583 389; x_wconf 74' lang='lat' dir='ltr'>duos</span> <span class='ocrx_word' id='word_1_10' title='bbox 592 333 669 388; x_wconf 87' lang='lat' dir='ltr'>obice</span> <span class='ocrx_word' id='word_1_11' title='bbox 678 336 778 406; x_wconf 71' lang='lat' dir='ltr'>postes·</span> 
     </span>
     <span class='ocr_line' id='line_1_3' title="bbox 194 432 764 500; baseline 0.011 -16"><span class='ocrx_word' id='word_1_12' title='bbox 194 432 260 500; x_wconf 70' lang='lat' dir='ltr'>Ipsa</span> <span class='ocrx_word' id='word_1_13' title='bbox 269 434 301 486; x_wconf 84' lang='lat' dir='ltr'>de</span> <span class='ocrx_word' id='word_1_14' title='bbox 310 433 393 486; x_wconf 84' lang='lat' dir='ltr'>mutis</span> <span class='ocrx_word' id='word_1_15' title='bbox 402 433 506 486; x_wconf 85' lang='lat' dir='ltr'>summo</span> <span class='ocrx_word' id='word_1_16' title='bbox 516 433 660 488; x_wconf 84' lang='lat' dir='ltr'>certamine</span> <span class='ocrx_word' id='word_1_17' title='bbox 667 450 764 490; x_wconf 86' lang='lat' dir='ltr'>matres</span> 
     </span>
     <span class='ocr_line' id='line_1_4' title="bbox 194 529 942 606; baseline 0.015 -25"><span class='ocrx_word' id='word_1_18' title='bbox 194 533 206 599; x_wconf 96' lang='lat'>(</span> <span class='ocrx_word' id='word_1_19' title='bbox 212 529 342 582; x_wconf 81' lang='lat' dir='ltr'>Monstrat</span> <span class='ocrx_word' id='word_1_20' title='bbox 351 546 427 583; x_wconf 80' lang='lat' dir='ltr'>amor</span> <span class='ocrx_word' id='word_1_21' title='bbox 435 547 516 584; x_wconf 83' lang='lat' dir='ltr'>verus</span> <span class='ocrx_word' id='word_1_22' title='bbox 525 532 617 602; x_wconf 80' lang='lat' dir='ltr'>pattiae</span> <span class='ocrx_word' id='word_1_23' title='bbox 627 531 638 598; x_wconf 90' lang='lat'><em>)</em></span> <span class='ocrx_word' id='word_1_24' title='bbox 647 547 676 586; x_wconf 88' lang='lat' dir='ltr'>ut</span> <span class='ocrx_word' id='word_1_25' title='bbox 682 533 774 588; x_wconf 68' lang='lat' dir='ltr'>videte</span> <span class='ocrx_word' id='word_1_26' title='bbox 782 536 923 592; x_wconf 82' lang='lat' dir='ltr'><strong>Camillam</strong></span> <span class='ocrx_word' id='word_1_27' title='bbox 934 581 942 606; x_wconf 90' lang='lat'><strong>‚</strong></span> 
     </span>
     <span class='ocr_line' id='line_1_5' title="bbox 193 627 838 698; baseline 0.014 -20"><span class='ocrx_word' id='word_1_28' title='bbox 193 627 258 679; x_wconf 86' lang='lat' dir='ltr'>Tela</span> <span class='ocrx_word' id='word_1_29' title='bbox 268 627 464 697; x_wconf 78' lang='lat' dir='ltr'>manutrepidae</span> <span class='ocrx_word' id='word_1_30' title='bbox 476 627 575 694; x_wconf 82' lang='lat' dir='ltr'>jaciunt</span> <span class='ocrx_word' id='word_1_31' title='bbox 588 669 595 694; x_wconf 86' lang='lat'>,</span> <span class='ocrx_word' id='word_1_32' title='bbox 608 646 637 682; x_wconf 88' lang='lat' dir='ltr'>ac</span> <span class='ocrx_word' id='word_1_33' title='bbox 646 632 744 686; x_wconf 84' lang='lat' dir='ltr'>robore</span> <span class='ocrx_word' id='word_1_34' title='bbox 753 634 838 698; x_wconf 84' lang='lat' dir='ltr'>duro,</span> 
     </span>
     <span class='ocr_line' id='line_1_6' title="bbox 192 723 862 798; baseline 0.016 -23"><span class='ocrx_word' id='word_1_35' title='bbox 192 723 331 792; x_wconf 81' lang='lat' dir='ltr'>stipitibus</span> <span class='ocrx_word' id='word_1_36' title='bbox 340 726 439 780; x_wconf 81' lang='lat' dir='ltr'>ferrum</span> <span class='ocrx_word' id='word_1_37' title='bbox 449 727 605 798; x_wconf 84' lang='lat' dir='ltr'>sudibusque</span> <span class='ocrx_word' id='word_1_38' title='bbox 616 729 754 784; x_wconf 81' lang='lat' dir='ltr'>imitantur</span> <span class='ocrx_word' id='word_1_39' title='bbox 764 731 862 786; x_wconf 82' lang='lat' dir='ltr'>obustis</span> 
     </span>
    </p>

    <p class='ocr_par' dir='ltr' id='par_1_3' title="bbox 136 820 919 896">
     <span class='ocr_line' id='line_1_7' title="bbox 136 820 919 896; baseline 0.019 -24"><span class='ocrx_word' id='word_1_40' title='bbox 136 821 185 887; x_wconf 80' lang='lat'>895</span> <span class='ocrx_word' id='word_1_41' title='bbox 195 820 361 891; x_wconf 76' lang='lat' dir='ltr'>Praecipites,</span> <span class='ocrx_word' id='word_1_42' title='bbox 371 823 517 895; x_wconf 69' lang='lat' dir='ltr'>primaque</span> <span class='ocrx_word' id='word_1_43' title='bbox 529 825 600 880; x_wconf 85' lang='lat' dir='ltr'>mori</span> <span class='ocrx_word' id='word_1_44' title='bbox 610 843 661 896; x_wconf 89' lang='lat' dir='ltr'>pro</span> <span class='ocrx_word' id='word_1_45' title='bbox 671 827 804 882; x_wconf 74' lang='lat' dir='ltr'>moenibus</span> <span class='ocrx_word' id='word_1_46' title='bbox 814 833 919 887; x_wconf 79' lang='lat' dir='ltr'><strong>ardent.</strong></span> 
     </span>
    </p>
   </div>
   <div class='ocr_carea' id='block_1_3' title="bbox 118 911 917 2655">
    <p class='ocr_par' dir='ltr' id='par_1_4' title="bbox 187 911 917 1286">
     <span class='ocr_line' id='line_1_8' title="bbox 226 911 862 996; baseline 0.011 -23"><span class='ocrx_word' id='word_1_47' title='bbox 226 921 330 975; x_wconf 86' lang='lat' dir='ltr'>Interea</span> <span class='ocrx_word' id='word_1_48' title='bbox 338 922 458 976; x_wconf 82' lang='lat' dir='ltr'>Turnum</span> <span class='ocrx_word' id='word_1_49' title='bbox 469 922 498 976; x_wconf 87' lang='lat' dir='ltr'>in</span> <span class='ocrx_word' id='word_1_50' title='bbox 508 923 593 996; x_wconf 87' lang='lat' dir='ltr'>sylvis</span> <span class='ocrx_word' id='word_1_51' title='bbox 605 911 862 995; x_wconf 56' lang='lat' dir='ltr'>saeviffimus&#39;implet</span> 
     </span>
     <span class='ocr_line' id='line_1_9' title="bbox 188 1017 917 1105; baseline 0.012 -35"><span class='ocrx_word' id='word_1_52' title='bbox 188 1017 323 1084; x_wconf 77' lang='lat' dir='ltr'>Nuntius,</span> <span class='ocrx_word' id='word_1_53' title='bbox 335 1021 362 1073; x_wconf 86' lang='lat'>&amp;</span> <span class='ocrx_word' id='word_1_54' title='bbox 369 1019 463 1087; x_wconf 81' lang='lat' dir='ltr'>juveni</span> <span class='ocrx_word' id='word_1_55' title='bbox 472 1019 608 1092; x_wconf 77' lang='lat' dir='ltr'>ingentem</span> <span class='ocrx_word' id='word_1_56' title='bbox 617 1022 668 1075; x_wconf 83' lang='lat' dir='ltr'>fert</span> <span class='ocrx_word' id='word_1_57' title='bbox 677 1023 746 1105; x_wconf 67' lang='lat' dir='ltr'>Acqa</span> <span class='ocrx_word' id='word_1_58' title='bbox 754 1026 917 1081; x_wconf 69' lang='lat' dir='ltr'>tumultum</span> 
     </span>
     <span class='ocr_line' id='line_1_10' title="bbox 189 1118 866 1186; baseline 0.01 -18"><span class='ocrx_word' id='word_1_59' title='bbox 189 1118 298 1172; x_wconf 86' lang='lat' dir='ltr'>Deletas</span> <span class='ocrx_word' id='word_1_60' title='bbox 306 1119 469 1174; x_wconf 85' lang='lat' dir='ltr'>Volscotum</span> <span class='ocrx_word' id='word_1_61' title='bbox 481 1119 550 1174; x_wconf 86' lang='lat' dir='ltr'>acies</span> <span class='ocrx_word' id='word_1_62' title='bbox 561 1159 569 1185; x_wconf 88' lang='lat'>‚</span> <span class='ocrx_word' id='word_1_63' title='bbox 579 1119 698 1174; x_wconf 80' lang='lat' dir='ltr'>cecidisse</span> <span class='ocrx_word' id='word_1_64' title='bbox 707 1121 848 1175; x_wconf 87' lang='lat' dir='ltr'>Camillam</span> <span class='ocrx_word' id='word_1_65' title='bbox 858 1161 866 1186; x_wconf 84' lang='grc'><em>,</em></span> 
     </span>
     <span class='ocr_line' id='line_1_11' title="bbox 187 1216 837 1286; baseline 0.005 -17"><span class='ocrx_word' id='word_1_66' title='bbox 187 1216 312 1286; x_wconf 82' lang='lat' dir='ltr'>Iugmete</span> <span class='ocrx_word' id='word_1_67' title='bbox 323 1217 441 1272; x_wconf 65' lang='lat' dir='ltr'>infensos</span> <span class='ocrx_word' id='word_1_68' title='bbox 452 1218 539 1272; x_wconf 81' lang='lat' dir='ltr'>hostes</span> <span class='ocrx_word' id='word_1_69' title='bbox 550 1258 558 1283; x_wconf 86' lang='lat'>‚</span> <span class='ocrx_word' id='word_1_70' title='bbox 572 1219 599 1272; x_wconf 79' lang='grc' dir='ltr'>δι</span> <span class='ocrx_word' id='word_1_71' title='bbox 607 1219 695 1272; x_wconf 86' lang='lat' dir='ltr'>Marte</span> <span class='ocrx_word' id='word_1_72' title='bbox 705 1219 837 1272; x_wconf 51' lang='lat' dir='ltr'>secundo*</span> 
     </span>
    </p>

    <p class='ocr_par' dir='ltr' id='par_1_5' title="bbox 123 1288 893 1778">
     <span class='ocr_line' id='line_1_12' title="bbox 123 1288 893 1385; baseline 0.006 -20"><span class='ocrx_word' id='word_1_73' title='bbox 123 1324 183 1376; x_wconf 62' lang='lat'>900</span> <span class='ocrx_word' id='word_1_74' title='bbox 191 1313 292 1368; x_wconf 87' lang='lat' dir='ltr'>Omnia</span> <span class='ocrx_word' id='word_1_75' title='bbox 300 1288 454 1385; x_wconf 77' lang='lat' dir='ltr'>cotiipuisi&#39;e</span> <span class='ocrx_word' id='word_1_76' title='bbox 463 1334 473 1377; x_wconf 90' lang='grc'>·,</span> <span class='ocrx_word' id='word_1_77' title='bbox 483 1329 585 1369; x_wconf 85' lang='lat' dir='ltr'>metum</span> <span class='ocrx_word' id='word_1_78' title='bbox 596 1314 650 1382; x_wconf 82' lang='lat' dir='ltr'>iam</span> <span class='ocrx_word' id='word_1_79' title='bbox 662 1317 696 1368; x_wconf 87' lang='lat' dir='ltr'>ad</span> <span class='ocrx_word' id='word_1_80' title='bbox 706 1315 807 1370; x_wconf 86' lang='lat' dir='ltr'>moettia</span> <span class='ocrx_word' id='word_1_81' title='bbox 818 1316 893 1372; x_wconf 82' lang='lat' dir='ltr'>serti.</span> 
     </span>
     <span class='ocr_line' id='line_1_13' title="bbox 185 1412 872 1484; baseline 0.001 -20"><span class='ocrx_word' id='word_1_82' title='bbox 185 1413 233 1465; x_wconf 86' lang='lat' dir='ltr'>ille</span> <span class='ocrx_word' id='word_1_83' title='bbox 244 1412 333 1466; x_wconf 68' lang='lat' dir='ltr'>sistens</span> <span class='ocrx_word' id='word_1_84' title='bbox 344 1412 355 1480; x_wconf 90' lang='lat'><strong>(</strong></span> <span class='ocrx_word' id='word_1_85' title='bbox 366 1414 393 1466; x_wconf 76' lang='grc' dir='ltr'>δι</span> <span class='ocrx_word' id='word_1_86' title='bbox 403 1414 473 1466; x_wconf 72' lang='lat' dir='ltr'>sava</span> <span class='ocrx_word' id='word_1_87' title='bbox 483 1413 562 1468; x_wconf 79' lang='lat' dir='ltr'>Jovis</span> <span class='ocrx_word' id='word_1_88' title='bbox 573 1413 609 1466; x_wconf 84' lang='lat' dir='ltr'>sic</span> <span class='ocrx_word' id='word_1_89' title='bbox 620 1412 729 1466; x_wconf 86' lang='lat' dir='ltr'>numina</span> <span class='ocrx_word' id='word_1_90' title='bbox 740 1413 872 1484; x_wconf 85' lang='lat' dir='ltr'>poscunt)</span> 
     </span>
     <span class='ocr_line' id='line_1_14' title="bbox 184 1510 865 1580; baseline 0.003 -18"><span class='ocrx_word' id='word_1_91' title='bbox 184 1510 291 1564; x_wconf 84' lang='lat' dir='ltr'>Deserit</span> <span class='ocrx_word' id='word_1_92' title='bbox 299 1510 415 1566; x_wconf 87' lang='lat' dir='ltr'>obsessos</span> <span class='ocrx_word' id='word_1_93' title='bbox 427 1513 509 1566; x_wconf 85' lang='lat' dir='ltr'>colles</span> <span class='ocrx_word' id='word_1_94' title='bbox 520 1551 528 1577; x_wconf 89' lang='lat'>,</span> <span class='ocrx_word' id='word_1_95' title='bbox 539 1527 649 1565; x_wconf 84' lang='lat' dir='ltr'>nemora</span> <span class='ocrx_word' id='word_1_96' title='bbox 658 1511 747 1578; x_wconf 78' lang='lat' dir='ltr'>aspera</span> <span class='ocrx_word' id='word_1_97' title='bbox 755 1510 865 1580; x_wconf 81' lang='lat' dir='ltr'>linquit.</span> 
     </span>
     <span class='ocr_line' id='line_1_15' title="bbox 183 1608 871 1680; baseline 0.003 -20"><span class='ocrx_word' id='word_1_98' title='bbox 183 1608 268 1662; x_wconf 87' lang='lat' dir='ltr'>Vixe</span> <span class='ocrx_word' id='word_1_99' title='bbox 279 1609 422 1680; x_wconf 68' lang='lat' dir='ltr'>conspeeiu</span> <span class='ocrx_word' id='word_1_100' title='bbox 434 1611 536 1664; x_wconf 84' lang='lat' dir='ltr'>exierat</span> <span class='ocrx_word' id='word_1_101' title='bbox 546 1649 554 1674; x_wconf 86' lang='lat'><strong>‚</strong></span> <span class='ocrx_word' id='word_1_102' title='bbox 564 1623 738 1678; x_wconf 83' lang='lat' dir='ltr'>campumque</span> <span class='ocrx_word' id='word_1_103' title='bbox 748 1608 871 1673; x_wconf 80' lang='lat' dir='ltr'>tenebat,</span> 
     </span>
     <span class='ocr_line' id='line_1_16' title="bbox 183 1703 825 1778; baseline 0.003 -22"><span class='ocrx_word' id='word_1_104' title='bbox 183 1704 251 1757; x_wconf 74' lang='lat' dir='ltr'>Ciam</span> <span class='ocrx_word' id='word_1_105' title='bbox 260 1720 336 1774; x_wconf 84' lang='lat' dir='ltr'>pater</span> <span class='ocrx_word' id='word_1_106' title='bbox 345 1706 459 1770; x_wconf 73' lang='lat' dir='ltr'>Encas,</span> <span class='ocrx_word' id='word_1_107' title='bbox 471 1707 551 1758; x_wconf 83' lang='lat' dir='ltr'>saltus</span> <span class='ocrx_word' id='word_1_108' title='bbox 562 1703 688 1778; x_wconf 76' lang='lat' dir='ltr'>ingressus</span> <span class='ocrx_word' id='word_1_109' title='bbox 700 1718 825 1776; x_wconf 81' lang='lat' dir='ltr'>apertos,</span> 
     </span>
    </p>

    <p class='ocr_par' dir='ltr' id='par_1_6' title="bbox 125 1801 849 2070">
     <span class='ocr_line' id='line_1_17' title="bbox 125 1801 849 1874; baseline 0.003 -19"><span class='ocrx_word' id='word_1_110' title='bbox 125 1817 174 1870; x_wconf 73' lang='lat'>905</span> <span class='ocrx_word' id='word_1_111' title='bbox 185 1801 381 1874; x_wconf 83' lang='lat' dir='ltr'>Exsuperatque</span> <span class='ocrx_word' id='word_1_112' title='bbox 390 1802 482 1874; x_wconf 85' lang='lat' dir='ltr'>jugum</span> <span class='ocrx_word' id='word_1_113' title='bbox 494 1841 502 1867; x_wconf 90' lang='lat'>‚</span> <span class='ocrx_word' id='word_1_114' title='bbox 514 1801 644 1874; x_wconf 72' lang='lat' dir='ltr'>sylvique</span> <span class='ocrx_word' id='word_1_115' title='bbox 656 1803 745 1856; x_wconf 81' lang='lat' dir='ltr'>evadit</span> <span class='ocrx_word' id='word_1_116' title='bbox 756 1802 849 1873; x_wconf 72' lang='lat' dir='ltr'>opaci.</span> 
     </span>
     <span class='ocr_line' id='line_1_18' title="bbox 181 1899 822 1970; baseline 0.002 -17"><span class='ocrx_word' id='word_1_117' title='bbox 181 1900 224 1954; x_wconf 89' lang='lat' dir='ltr'>Sic</span> <span class='ocrx_word' id='word_1_118' title='bbox 235 1901 314 1954; x_wconf 84' lang='lat' dir='ltr'>ambo</span> <span class='ocrx_word' id='word_1_119' title='bbox 323 1901 355 1952; x_wconf 87' lang='lat' dir='ltr'>ad</span> <span class='ocrx_word' id='word_1_120' title='bbox 364 1915 456 1953; x_wconf 84' lang='lat' dir='ltr'>muros</span> <span class='ocrx_word' id='word_1_121' title='bbox 466 1899 549 1970; x_wconf 82' lang='lat' dir='ltr'>rapidi</span> <span class='ocrx_word' id='word_1_122' title='bbox 560 1939 567 1964; x_wconf 89' lang='lat'>‚</span> <span class='ocrx_word' id='word_1_123' title='bbox 581 1914 694 1970; x_wconf 86' lang='lat' dir='ltr'>totoque</span> <span class='ocrx_word' id='word_1_124' title='bbox 702 1900 822 1954; x_wconf 71' lang='lat' dir='ltr'>sumatur</span> 
     </span>
     <span class='ocr_line' id='line_1_19' title="bbox 179 1996 820 2070; baseline 0.006 -21"><span class='ocrx_word' id='word_1_125' title='bbox 179 1997 312 2068; x_wconf 75' lang='lat' dir='ltr'>Agmine,</span> <span class='ocrx_word' id='word_1_126' title='bbox 327 2014 378 2052; x_wconf 87' lang='lat' dir='ltr'>nec</span> <span class='ocrx_word' id='word_1_127' title='bbox 385 1996 474 2070; x_wconf 83' lang='lat' dir='ltr'>longis</span> <span class='ocrx_word' id='word_1_128' title='bbox 484 1997 554 2052; x_wconf 81' lang='lat' dir='ltr'>inter</span> <span class='ocrx_word' id='word_1_129' title='bbox 562 1998 588 2051; x_wconf 91' lang='lat' dir='ltr'>se</span> <span class='ocrx_word' id='word_1_130' title='bbox 598 1997 709 2067; x_wconf 76' lang='lat' dir='ltr'>pastibus</span> <span class='ocrx_word' id='word_1_131' title='bbox 718 1998 820 2053; x_wconf 87' lang='lat' dir='ltr'>absunt.</span> 
     </span>
    </p>

    <p class='ocr_par' dir='ltr' id='par_1_7' title="bbox 177 2093 853 2264">
     <span class='ocr_line' id='line_1_20' title="bbox 177 2093 794 2165; baseline 0.002 -17"><span class='ocrx_word' id='word_1_132' title='bbox 177 2096 217 2148; x_wconf 78' lang='lat' dir='ltr'>Ac</span> <span class='ocrx_word' id='word_1_133' title='bbox 228 2094 304 2148; x_wconf 88' lang='lat' dir='ltr'>simul</span> <span class='ocrx_word' id='word_1_134' title='bbox 313 2093 410 2158; x_wconf 75' lang='lat' dir='ltr'>AEneas</span> <span class='ocrx_word' id='word_1_135' title='bbox 421 2095 552 2149; x_wconf 82' lang='lat' dir='ltr'>fumantes</span> <span class='ocrx_word' id='word_1_136' title='bbox 564 2097 675 2164; x_wconf 86' lang='lat' dir='ltr'>pulvere</span> <span class='ocrx_word' id='word_1_137' title='bbox 684 2111 794 2165; x_wconf 76' lang='lat' dir='ltr'>campos</span> 
     </span>
     <span class='ocr_line' id='line_1_21' title="bbox 177 2191 853 2264; baseline -0.001 -18"><span class='ocrx_word' id='word_1_138' title='bbox 177 2193 318 2262; x_wconf 75' lang='lat' dir='ltr'>Prospexit</span> <span class='ocrx_word' id='word_1_139' title='bbox 332 2191 432 2264; x_wconf 62' lang='lat' dir='ltr'>longe,</span> <span class='ocrx_word' id='word_1_140' title='bbox 447 2195 641 2263; x_wconf 81' lang='lat' dir='ltr'>Laurentiaque</span> <span class='ocrx_word' id='word_1_141' title='bbox 651 2193 758 2264; x_wconf 75' lang='lat' dir='ltr'>agmina</span> <span class='ocrx_word' id='word_1_142' title='bbox 767 2192 853 2255; x_wconf 74' lang='lat' dir='ltr'>vidit3</span> 
     </span>
    </p>

    <p class='ocr_par' dir='ltr' id='par_1_8' title="bbox 118 2288 904 2655">
     <span class='ocr_line' id='line_1_22' title="bbox 118 2288 821 2360; baseline -0.004 -15"><span class='ocrx_word' id='word_1_143' title='bbox 118 2307 172 2360; x_wconf 84' lang='lat'>910</span> <span class='ocrx_word' id='word_1_144' title='bbox 179 2293 211 2344; x_wconf 89' lang='lat' dir='ltr'>Et</span> <span class='ocrx_word' id='word_1_145' title='bbox 220 2291 320 2345; x_wconf 78' lang='lat' dir='ltr'>saevum</span> <span class='ocrx_word' id='word_1_146' title='bbox 331 2289 435 2344; x_wconf 81' lang='lat' dir='ltr'>AEuean</span> <span class='ocrx_word' id='word_1_147' title='bbox 443 2291 556 2360; x_wconf 79' lang='lat' dir='ltr'>agnovit</span> <span class='ocrx_word' id='word_1_148' title='bbox 565 2291 671 2342; x_wconf 82' lang='lat' dir='ltr'>Turnus</span> <span class='ocrx_word' id='word_1_149' title='bbox 681 2288 803 2342; x_wconf 82' lang='lat' dir='ltr'>inarmis</span> <span class='ocrx_word' id='word_1_150' title='bbox 812 2327 821 2354; x_wconf 86' lang='lat'>,</span> 
     </span>
     <span class='ocr_line' id='line_1_23' title="bbox 174 2386 904 2459; baseline -0.005 -15"><span class='ocrx_word' id='word_1_151' title='bbox 174 2391 381 2459; x_wconf 73' lang='lat' dir='ltr'>adventumque</span> <span class='ocrx_word' id='word_1_152' title='bbox 391 2390 489 2458; x_wconf 83' lang='lat' dir='ltr'>pedum</span> <span class='ocrx_word' id='word_1_153' title='bbox 500 2387 629 2458; x_wconf 85' lang='lat' dir='ltr'>flatusque</span> <span class='ocrx_word' id='word_1_154' title='bbox 638 2386 741 2442; x_wconf 80' lang='lat' dir='ltr'>audivit</span> <span class='ocrx_word' id='word_1_155' title='bbox 750 2403 881 2458; x_wconf 81' lang='lat' dir='ltr'>equorum</span> <span class='ocrx_word' id='word_1_156' title='bbox 893 2407 904 2448; x_wconf 74' lang='lat' dir='ltr'>t</span> 
     </span>
     <span class='ocr_line' id='line_1_24' title="bbox 175 2485 880 2558; baseline -0.009 -16"><span class='ocrx_word' id='word_1_157' title='bbox 175 2486 366 2558; x_wconf 73' lang='lat' dir='ltr'>Continuitque</span> <span class='ocrx_word' id='word_1_158' title='bbox 377 2487 468 2541; x_wconf 85' lang='lat' dir='ltr'>ineant</span> <span class='ocrx_word' id='word_1_159' title='bbox 479 2503 580 2558; x_wconf 81' lang='lat' dir='ltr'>pugnas</span> <span class='ocrx_word' id='word_1_160' title='bbox 592 2525 600 2550; x_wconf 86' lang='lat'><strong>‚</strong></span> <span class='ocrx_word' id='word_1_161' title='bbox 614 2486 640 2539; x_wconf 73' lang='grc' dir='ltr'>δι</span> <span class='ocrx_word' id='word_1_162' title='bbox 649 2485 746 2555; x_wconf 86' lang='lat' dir='ltr'>proelia</span> <span class='ocrx_word' id='word_1_163' title='bbox 757 2497 880 2549; x_wconf 80' lang='lat' dir='ltr'>tentent,</span> 
     </span>
     <span class='ocr_line' id='line_1_25' title="bbox 173 2583 807 2655; baseline -0.005 -16"><span class='ocrx_word' id='word_1_164' title='bbox 173 2587 210 2640; x_wconf 83' lang='lat' dir='ltr'>Ni</span> <span class='ocrx_word' id='word_1_165' title='bbox 219 2587 310 2640; x_wconf 84' lang='lat' dir='ltr'>roseus</span> <span class='ocrx_word' id='word_1_166' title='bbox 319 2585 398 2640; x_wconf 76' lang='lat' dir='ltr'>sessos</span> <span class='ocrx_word' id='word_1_167' title='bbox 409 2585 461 2652; x_wconf 78' lang='lat' dir='ltr'>jam</span> <span class='ocrx_word' id='word_1_168' title='bbox 471 2584 574 2655; x_wconf 81' lang='lat' dir='ltr'>gurgite</span> <span class='ocrx_word' id='word_1_169' title='bbox 582 2583 698 2637; x_wconf 77' lang='lat' dir='ltr'>Phoebus</span> <span class='ocrx_word' id='word_1_170' title='bbox 707 2584 807 2637; x_wconf 84' lang='lat' dir='ltr'>Hibero</span> 
     </span>
    </p>
   </div>
   <div class='ocr_carea' id='block_1_4' title="bbox 169 2680 1004 2756">
    <p class='ocr_par' dir='ltr' id='par_1_9' title="bbox 169 2680 1004 2756">
     <span class='ocr_line' id='line_1_26' title="bbox 169 2680 1004 2756; baseline -0.004 -19"><span class='ocrx_word' id='word_1_171' title='bbox 169 2683 271 2756; x_wconf 82' lang='lat' dir='ltr'>Tingat</span> <span class='ocrx_word' id='word_1_172' title='bbox 281 2701 367 2754; x_wconf 86' lang='lat' dir='ltr'>equos</span> <span class='ocrx_word' id='word_1_173' title='bbox 378 2721 386 2748; x_wconf 89' lang='lat'>‚</span> <span class='ocrx_word' id='word_1_174' title='bbox 398 2681 576 2751; x_wconf 54' lang='lat' dir='ltr'>nouemque,</span> <span class='ocrx_word' id='word_1_175' title='bbox 591 2680 634 2734; x_wconf 89' lang='lat' dir='ltr'>die</span> <span class='ocrx_word' id='word_1_176' title='bbox 643 2683 766 2745; x_wconf 83' lang='lat' dir='ltr'>labente,</span> <span class='ocrx_word' id='word_1_177' title='bbox 781 2681 900 2737; x_wconf 83' lang='lat' dir='ltr'>teducat.</span> <span class='ocrx_word' id='word_1_178' title='bbox 1003 2693 1004 2709; x_wconf 74' lang='lat'><em>³</em></span> 
     </span>
    </p>
   </div>
   <div class='ocr_carea' id='block_1_5' title="bbox 115 2765 1003 2853">
    <p class='ocr_par' dir='ltr' id='par_1_10' title="bbox 115 2765 1003 2853">
     <span class='ocr_line' id='line_1_27' title="bbox 115 2765 1003 2853; baseline -0.009 -15"><span class='ocrx_word' id='word_1_179' title='bbox 115 2781 322 2853; x_wconf 84' lang='lat' dir='ltr'>915Coufidunt</span> <span class='ocrx_word' id='word_1_180' title='bbox 332 2779 421 2837; x_wconf 76' lang='lat' dir='ltr'>castris</span> <span class='ocrx_word' id='word_1_181' title='bbox 430 2791 491 2836; x_wconf 80' lang='lat' dir='ltr'>aute</span> <span class='ocrx_word' id='word_1_182' title='bbox 501 2780 612 2847; x_wconf 84' lang='lat' dir='ltr'>urbem,</span> <span class='ocrx_word' id='word_1_183' title='bbox 626 2779 766 2835; x_wconf 68' lang='lat' dir='ltr'>&amp;muenia</span> <span class='ocrx_word' id='word_1_184' title='bbox 774 2779 888 2834; x_wconf 81' lang='lat' dir='ltr'>vallant.</span> <span class='ocrx_word' id='word_1_185' title='bbox 1001 2765 1003 2847; x_wconf 38' lang='lat'>3</span> 
     </span>
    </p>
   </div>
   <div class='ocr_carea' id='block_1_6' title="bbox 0 0 1022 3476">
    <p class='ocr_par' dir='ltr' id='par_1_11' title="bbox 0 0 1022 3476">
     <span class='ocr_line' id='line_1_28' title="bbox 0 0 1022 3476; baseline 0 0"><span class='ocrx_word' id='word_1_186' title='bbox 0 0 1022 3476; x_wconf 95' lang='lat' dir='ltr'> </span> 
     </span>
    </p>
   </div>
  </div>
 </body>
</html>
