<?xml version="1.0" encoding="UTF-8"?>
<!DOCTYPE html PUBLIC "-//W3C//DTD XHTML 1.0 Transitional//EN"
    "http://www.w3.org/TR/xhtml1/DTD/xhtml1-transitional.dtd">
<html xmlns="http://www.w3.org/1999/xhtml" xml:lang="en" lang="en">
 <head>
  <title>
</title>
<meta http-equiv="Content-Type" content="text/html;charset=utf-8" />
  <meta name='ocr-system' content='tesseract 3.04.00' />
  <meta name='ocr-capabilities' content='ocr_page ocr_carea ocr_par ocr_line ocrx_word'/>
</head>
<body>
  <div class='ocr_page' id='page_1' title='image "./publiivirgiliim01cappgoog_0036.png"; bbox 0 0 2020 3462; ppageno 0'>
   <div class='ocr_carea' id='block_1_1' title="bbox 281 189 866 302">
    <p class='ocr_par' dir='ltr' id='par_1_1' title="bbox 281 189 866 302">
     <span class='ocr_line' id='line_1_1' title="bbox 281 189 866 302; baseline -0.003 -27"><span class='ocrx_word' id='word_1_1' title='bbox 281 191 385 276; x_wconf 70' lang='grc' dir='ltr'>[ι</span> <span class='ocrx_word' id='word_1_2' title='bbox 413 219 442 275; x_wconf 74' lang='grc' dir='ltr'><em>Β</em></span> <span class='ocrx_word' id='word_1_3' title='bbox 471 219 499 274; x_wconf 75' lang='grc' dir='ltr'><em>Ε</em></span> <span class='ocrx_word' id='word_1_4' title='bbox 525 219 554 276; x_wconf 74' lang='lat' dir='ltr'>a</span> <span class='ocrx_word' id='word_1_5' title='bbox 609 189 725 276; x_wconf 89' lang='lat' dir='ltr'><em>VII.</em></span> <span class='ocrx_word' id='word_1_6' title='bbox 816 219 866 302; x_wconf 77' lang='lat'>29</span> 
     </span>
    </p>
   </div>
   <div class='ocr_carea' id='block_1_2' title="bbox 56 359 949 2859">
    <p class='ocr_par' dir='ltr' id='par_1_2' title="bbox 56 359 753 626">
     <span class='ocr_line' id='line_1_2' title="bbox 81 359 753 433; baseline 0 -19"><span class='ocrx_word' id='word_1_7' title='bbox 81 383 85 387; x_wconf 94' lang='lat'>·</span> <span class='ocrx_word' id='word_1_8' title='bbox 121 359 242 416; x_wconf 81' lang='lat' dir='ltr'>Livenris</span> <span class='ocrx_word' id='word_1_9' title='bbox 256 359 358 430; x_wconf 87' lang='lat' dir='ltr'><strong>plumbi</strong></span> <span class='ocrx_word' id='word_1_10' title='bbox 368 362 484 432; x_wconf 75' lang='lat' dir='ltr'>spargir3</span> <span class='ocrx_word' id='word_1_11' title='bbox 497 379 556 431; x_wconf 85' lang='lat' dir='ltr'>pars</span> <span class='ocrx_word' id='word_1_12' title='bbox 566 362 664 431; x_wconf 85' lang='lat' dir='ltr'>spicula</span> <span class='ocrx_word' id='word_1_13' title='bbox 673 362 753 433; x_wconf 83' lang='lat' dir='ltr'>gestat</span> 
     </span>
     <span class='ocr_line' id='line_1_3' title="bbox 120 459 750 530; baseline 0.005 -20"><span class='ocrx_word' id='word_1_14' title='bbox 120 459 184 512; x_wconf 84' lang='lat' dir='ltr'>Bina</span> <span class='ocrx_word' id='word_1_15' title='bbox 193 475 291 524; x_wconf 83' lang='lat' dir='ltr'>manu,</span> <span class='ocrx_word' id='word_1_16' title='bbox 305 460 446 529; x_wconf 70' lang='lat' dir='ltr'>iturosque</span> <span class='ocrx_word' id='word_1_17' title='bbox 456 461 513 529; x_wconf 88' lang='lat' dir='ltr'>lupi</span> <span class='ocrx_word' id='word_1_18' title='bbox 525 462 556 514; x_wconf 89' lang='lat' dir='ltr'>de</span> <span class='ocrx_word' id='word_1_19' title='bbox 566 463 636 529; x_wconf 86' lang='lat' dir='ltr'>pelle</span> <span class='ocrx_word' id='word_1_20' title='bbox 646 463 750 530; x_wconf 86' lang='lat' dir='ltr'>galeros</span> 
     </span>
     <span class='ocr_line' id='line_1_4' title="bbox 56 543 747 626; baseline 0.003 -20"><span class='ocrx_word' id='word_1_21' title='bbox 56 575 59 582; x_wconf 60' lang='lat'><strong>⁴</strong></span> <span class='ocrx_word' id='word_1_22' title='bbox 121 557 243 626; x_wconf 75' lang='lat' dir='ltr'>Tegimen</span> <span class='ocrx_word' id='word_1_23' title='bbox 251 557 328 610; x_wconf 83' lang='lat' dir='ltr'>habet</span> <span class='ocrx_word' id='word_1_24' title='bbox 338 543 418 625; x_wconf 58' lang='lat' dir='ltr'>capiri</span> <span class='ocrx_word' id='word_1_25' title='bbox 430 577 436 608; x_wconf 94' lang='lat'>:</span> <span class='ocrx_word' id='word_1_26' title='bbox 448 555 559 626; x_wconf 83' lang='lat' dir='ltr'>vestigia</span> <span class='ocrx_word' id='word_1_27' title='bbox 568 559 636 610; x_wconf 86' lang='lat' dir='ltr'>nuda</span> <span class='ocrx_word' id='word_1_28' title='bbox 648 555 747 608; x_wconf 79' lang='lat' dir='ltr'>sinistri</span> 
     </span>
    </p>

    <p class='ocr_par' dir='ltr' id='par_1_3' title="bbox 120 649 926 724">
     <span class='ocr_line' id='line_1_5' title="bbox 120 649 926 724; baseline -0.002 -21"><span class='ocrx_word' id='word_1_29' title='bbox 120 652 261 706; x_wconf 71' lang='lat' dir='ltr'>instituite</span> <span class='ocrx_word' id='word_1_30' title='bbox 273 653 366 722; x_wconf 85' lang='lat' dir='ltr'>pedis,</span> <span class='ocrx_word' id='word_1_31' title='bbox 379 655 474 706; x_wconf 83' lang='lat' dir='ltr'>crudus</span> <span class='ocrx_word' id='word_1_32' title='bbox 484 653 550 724; x_wconf 83' lang='lat' dir='ltr'>tegit</span> <span class='ocrx_word' id='word_1_33' title='bbox 559 655 639 706; x_wconf 83' lang='lat' dir='ltr'>altera</span> <span class='ocrx_word' id='word_1_34' title='bbox 651 667 726 722; x_wconf 86' lang='lat' dir='ltr'>pero.</span> <span class='ocrx_word' id='word_1_35' title='bbox 872 649 926 714; x_wconf 71' lang='lat'>620</span> 
     </span>
    </p>

    <p class='ocr_par' dir='ltr' id='par_1_4' title="bbox 157 749 868 822">
     <span class='ocr_line' id='line_1_6' title="bbox 157 749 868 822; baseline 0 -20"><span class='ocrx_word' id='word_1_36' title='bbox 157 753 195 802; x_wconf 75' lang='lat' dir='ltr'>At</span> <span class='ocrx_word' id='word_1_37' title='bbox 206 749 340 820; x_wconf 81' lang='lat' dir='ltr'>Messapus</span> <span class='ocrx_word' id='word_1_38' title='bbox 353 751 451 822; x_wconf 72' lang='lat' dir='ltr'>equini</span> <span class='ocrx_word' id='word_1_39' title='bbox 462 750 598 814; x_wconf 83' lang='lat' dir='ltr'>domitor,</span> <span class='ocrx_word' id='word_1_40' title='bbox 613 749 749 818; x_wconf 76' lang='lat' dir='ltr'>Neptunia</span> <span class='ocrx_word' id='word_1_41' title='bbox 760 749 850 818; x_wconf 84' lang='lat' dir='ltr'>proles</span> <span class='ocrx_word' id='word_1_42' title='bbox 861 789 868 814; x_wconf 87' lang='lat'>‚</span> 
     </span>
    </p>

    <p class='ocr_par' dir='ltr' id='par_1_5' title="bbox 120 847 856 1015">
     <span class='ocr_line' id='line_1_7' title="bbox 121 847 856 919; baseline -0.001 -19"><span class='ocrx_word' id='word_1_43' title='bbox 121 847 211 914; x_wconf 84' lang='lat' dir='ltr'><strong>Quem</strong></span> <span class='ocrx_word' id='word_1_44' title='bbox 223 865 310 918; x_wconf 87' lang='lat' dir='ltr'>neque</span> <span class='ocrx_word' id='word_1_45' title='bbox 321 849 360 902; x_wconf 82' lang='lat' dir='ltr'>fas</span> <span class='ocrx_word' id='word_1_46' title='bbox 374 848 431 919; x_wconf 81' lang='lat' dir='ltr'>igni</span> <span class='ocrx_word' id='word_1_47' title='bbox 443 847 567 916; x_wconf 82' lang='lat' dir='ltr'>cuiquam</span> <span class='ocrx_word' id='word_1_48' title='bbox 579 864 627 902; x_wconf 85' lang='lat' dir='ltr'>nec</span> <span class='ocrx_word' id='word_1_49' title='bbox 641 847 755 900; x_wconf 83' lang='lat' dir='ltr'>sternere</span> <span class='ocrx_word' id='word_1_50' title='bbox 767 847 837 900; x_wconf 84' lang='lat' dir='ltr'>ferro</span> <span class='ocrx_word' id='word_1_51' title='bbox 848 886 856 911; x_wconf 88' lang='lat'>,</span> 
     </span>
     <span class='ocr_line' id='line_1_8' title="bbox 120 945 770 1015; baseline -0.002 -16"><span class='ocrx_word' id='word_1_52' title='bbox 120 945 284 1014; x_wconf 74' lang='lat' dir='ltr'>iampridem</span> <span class='ocrx_word' id='word_1_53' title='bbox 297 946 390 999; x_wconf 73' lang='lat' dir='ltr'>resides</span> <span class='ocrx_word' id='word_1_54' title='bbox 401 947 518 1014; x_wconf 86' lang='lat' dir='ltr'>populos</span> <span class='ocrx_word' id='word_1_55' title='bbox 530 945 686 1015; x_wconf 87' lang='lat' dir='ltr'>desuetaque</span> <span class='ocrx_word' id='word_1_56' title='bbox 698 947 770 999; x_wconf 90' lang='lat' dir='ltr'>bello</span> 
     </span>
    </p>

    <p class='ocr_par' dir='ltr' id='par_1_6' title="bbox 123 1039 868 1112">
     <span class='ocr_line' id='line_1_9' title="bbox 123 1039 868 1112; baseline 0 -18"><span class='ocrx_word' id='word_1_57' title='bbox 123 1041 238 1112; x_wconf 79' lang='lat' dir='ltr'>Agmina</span> <span class='ocrx_word' id='word_1_58' title='bbox 249 1041 277 1094; x_wconf 90' lang='lat' dir='ltr'>in</span> <span class='ocrx_word' id='word_1_59' title='bbox 289 1057 360 1095; x_wconf 85' lang='lat' dir='ltr'>arma</span> <span class='ocrx_word' id='word_1_60' title='bbox 370 1055 451 1094; x_wconf 83' lang='lat' dir='ltr'>vocat</span> <span class='ocrx_word' id='word_1_61' title='bbox 461 1039 546 1094; x_wconf 76' lang='lat' dir='ltr'>subiti)</span> <span class='ocrx_word' id='word_1_62' title='bbox 557 1080 565 1105; x_wconf 85' lang='grc'><em>,</em></span> <span class='ocrx_word' id='word_1_63' title='bbox 576 1041 726 1112; x_wconf 86' lang='lat' dir='ltr'>ferrumque</span> <span class='ocrx_word' id='word_1_64' title='bbox 738 1041 868 1096; x_wconf 76' lang='lat' dir='ltr'>retraiiat.</span> 
     </span>
    </p>

    <p class='ocr_par' dir='ltr' id='par_1_7' title="bbox 122 1136 921 1304">
     <span class='ocr_line' id='line_1_10' title="bbox 126 1136 921 1207; baseline -0.004 -15"><span class='ocrx_word' id='word_1_65' title='bbox 126 1140 163 1191; x_wconf 84' lang='lat' dir='ltr'>Hi</span> <span class='ocrx_word' id='word_1_66' title='bbox 178 1137 352 1192; x_wconf 84' lang='lat' dir='ltr'>Fescenninas</span> <span class='ocrx_word' id='word_1_67' title='bbox 362 1136 450 1201; x_wconf 89' lang='lat' dir='ltr'>acies,</span> <span class='ocrx_word' id='word_1_68' title='bbox 464 1137 605 1207; x_wconf 72' lang='lat' dir='ltr'>equosque</span> <span class='ocrx_word' id='word_1_69' title='bbox 618 1137 750 1202; x_wconf 82' lang='lat' dir='ltr'>Faliscos,</span> <span class='ocrx_word' id='word_1_70' title='bbox 870 1138 921 1204; x_wconf 71' lang='lat'>695</span> 
     </span>
     <span class='ocr_line' id='line_1_11' title="bbox 122 1223 769 1304; baseline 0.002 -17"><span class='ocrx_word' id='word_1_71' title='bbox 122 1234 159 1287; x_wconf 90' lang='lat' dir='ltr'>Hi</span> <span class='ocrx_word' id='word_1_72' title='bbox 171 1233 288 1289; x_wconf 70' lang='lat' dir='ltr'>Soraiiis</span> <span class='ocrx_word' id='word_1_73' title='bbox 299 1235 397 1286; x_wconf 85' lang='lat' dir='ltr'>habent</span> <span class='ocrx_word' id='word_1_74' title='bbox 406 1223 477 1287; x_wconf 82' lang='lat' dir='ltr'>arces</span> <span class='ocrx_word' id='word_1_75' title='bbox 489 1273 496 1297; x_wconf 83' lang='lat'>,</span> <span class='ocrx_word' id='word_1_76' title='bbox 509 1235 681 1304; x_wconf 76' lang='lat' dir='ltr'>Flaviniaque</span> <span class='ocrx_word' id='word_1_77' title='bbox 692 1253 769 1300; x_wconf 86' lang='lat' dir='ltr'>arva,</span> 
     </span>
    </p>

    <p class='ocr_par' dir='ltr' id='par_1_8' title="bbox 120 1327 844 1596">
     <span class='ocr_line' id='line_1_12' title="bbox 120 1327 844 1402; baseline 0.006 -19"><span class='ocrx_word' id='word_1_78' title='bbox 120 1333 153 1384; x_wconf 88' lang='lat' dir='ltr'>Et</span> <span class='ocrx_word' id='word_1_79' title='bbox 165 1327 266 1384; x_wconf 80' lang='lat' dir='ltr'>Cimini</span> <span class='ocrx_word' id='word_1_80' title='bbox 279 1346 340 1382; x_wconf 82' lang='lat' dir='ltr'>cuna</span> <span class='ocrx_word' id='word_1_81' title='bbox 354 1346 447 1384; x_wconf 86' lang='lat' dir='ltr'>monte</span> <span class='ocrx_word' id='word_1_82' title='bbox 457 1333 562 1395; x_wconf 86' lang='lat' dir='ltr'>lacurn,</span> <span class='ocrx_word' id='word_1_83' title='bbox 576 1332 701 1401; x_wconf 85' lang='lat' dir='ltr'>lucosque</span> <span class='ocrx_word' id='word_1_84' title='bbox 712 1335 844 1402; x_wconf 82' lang='lat' dir='ltr'>Capenos.</span> 
     </span>
     <span class='ocr_line' id='line_1_13' title="bbox 120 1427 753 1496; baseline 0.002 -15"><span class='ocrx_word' id='word_1_85' title='bbox 120 1431 197 1482; x_wconf 81' lang='lat' dir='ltr'>ibant</span> <span class='ocrx_word' id='word_1_86' title='bbox 208 1427 305 1496; x_wconf 82' lang='lat' dir='ltr'>aequati</span> <span class='ocrx_word' id='word_1_87' title='bbox 317 1443 429 1480; x_wconf 86' lang='lat' dir='ltr'>numero</span> <span class='ocrx_word' id='word_1_88' title='bbox 440 1443 606 1496; x_wconf 79' lang='lat' dir='ltr'>,regemque</span> <span class='ocrx_word' id='word_1_89' title='bbox 618 1429 753 1482; x_wconf 88' lang='lat' dir='ltr'>canebant.</span> 
     </span>
     <span class='ocr_line' id='line_1_14' title="bbox 122 1521 787 1596; baseline 0 -17"><span class='ocrx_word' id='word_1_90' title='bbox 122 1525 323 1594; x_wconf 86' lang='lat' dir='ltr'>Ceuquondam</span> <span class='ocrx_word' id='word_1_91' title='bbox 333 1521 408 1576; x_wconf 87' lang='lat' dir='ltr'>nivei</span> <span class='ocrx_word' id='word_1_92' title='bbox 418 1521 519 1591; x_wconf 84' lang='lat' dir='ltr'>liquida</span> <span class='ocrx_word' id='word_1_93' title='bbox 528 1521 598 1575; x_wconf 87' lang='lat' dir='ltr'>inter</span> <span class='ocrx_word' id='word_1_94' title='bbox 608 1525 696 1578; x_wconf 89' lang='lat' dir='ltr'>nubila</span> <span class='ocrx_word' id='word_1_95' title='bbox 706 1524 787 1596; x_wconf 82' lang='lat' dir='ltr'>cycni</span> 
     </span>
    </p>

    <p class='ocr_par' dir='ltr' id='par_1_9' title="bbox 112 1614 949 1886">
     <span class='ocr_line' id='line_1_15' title="bbox 123 1614 949 1691; baseline 0.005 -17"><span class='ocrx_word' id='word_1_96' title='bbox 123 1622 193 1675; x_wconf 80' lang='lat' dir='ltr'>Cum</span> <span class='ocrx_word' id='word_1_97' title='bbox 203 1621 257 1674; x_wconf 89' lang='lat' dir='ltr'>sese</span> <span class='ocrx_word' id='word_1_98' title='bbox 269 1637 285 1672; x_wconf 82' lang='lat' dir='ltr'>e</span> <span class='ocrx_word' id='word_1_99' title='bbox 296 1614 369 1688; x_wconf 75' lang='lat' dir='ltr'>pa&#39;stu</span> <span class='ocrx_word' id='word_1_100' title='bbox 381 1621 515 1682; x_wconf 78' lang='lat' dir='ltr'>referunt,</span> <span class='ocrx_word' id='word_1_101' title='bbox 528 1619 555 1672; x_wconf 69' lang='grc' dir='ltr'>δι</span> <span class='ocrx_word' id='word_1_102' title='bbox 570 1622 650 1691; x_wconf 82' lang='lat' dir='ltr'>longa</span> <span class='ocrx_word' id='word_1_103' title='bbox 660 1637 773 1674; x_wconf 83' lang='lat' dir='ltr'>canoros</span> <span class='ocrx_word' id='word_1_104' title='bbox 871 1639 926 1689; x_wconf 74' lang='lat'>700</span> <span class='ocrx_word' id='word_1_105' title='bbox 946 1645 949 1650; x_wconf 92' lang='lat'>·</span> 
     </span>
     <span class='ocr_line' id='line_1_16' title="bbox 123 1717 871 1790; baseline 0.004 -20"><span class='ocrx_word' id='word_1_106' title='bbox 123 1718 198 1770; x_wconf 82' lang='lat' dir='ltr'>Dant</span> <span class='ocrx_word' id='word_1_107' title='bbox 209 1733 257 1786; x_wconf 81' lang='lat' dir='ltr'>per</span> <span class='ocrx_word' id='word_1_108' title='bbox 268 1719 338 1775; x_wconf 85' lang='lat' dir='ltr'>colla</span> <span class='ocrx_word' id='word_1_109' title='bbox 347 1718 443 1771; x_wconf 83' lang='lat' dir='ltr'>modos</span> <span class='ocrx_word' id='word_1_110' title='bbox 455 1735 461 1770; x_wconf 77' lang='grc' dir='ltr'><strong>ε</strong></span> <span class='ocrx_word' id='word_1_111' title='bbox 474 1717 550 1771; x_wconf 88' lang='lat' dir='ltr'>sonat</span> <span class='ocrx_word' id='word_1_112' title='bbox 560 1717 645 1771; x_wconf 82' lang='lat' dir='ltr'>amnis</span> <span class='ocrx_word' id='word_1_113' title='bbox 658 1719 684 1771; x_wconf 76' lang='grc' dir='ltr'>δι</span> <span class='ocrx_word' id='word_1_114' title='bbox 694 1719 753 1772; x_wconf 82' lang='lat' dir='ltr'>Afia</span> <span class='ocrx_word' id='word_1_115' title='bbox 764 1719 845 1790; x_wconf 70' lang='lat' dir='ltr'>longi</span> <span class='ocrx_word' id='word_1_116' title='bbox 867 1739 871 1744; x_wconf 75' lang='grc'>’</span> 
     </span>
     <span class='ocr_line' id='line_1_17' title="bbox 112 1798 300 1886; baseline 0.011 -18"><span class='ocrx_word' id='word_1_117' title='bbox 112 1798 203 1868; x_wconf 24' lang='grc' dir='ltr'>ΑΡιιΙίι</span> <span class='ocrx_word' id='word_1_118' title='bbox 214 1818 300 1886; x_wconf 83' lang='lat' dir='ltr'>palus.</span> 
     </span>
    </p>

    <p class='ocr_par' dir='ltr' id='par_1_10' title="bbox 124 1911 761 1986">
     <span class='ocr_line' id='line_1_18' title="bbox 124 1911 761 1986; baseline 0.002 -20"><span class='ocrx_word' id='word_1_119' title='bbox 124 1915 181 1966; x_wconf 85' lang='lat' dir='ltr'>Nec</span> <span class='ocrx_word' id='word_1_120' title='bbox 194 1913 332 1983; x_wconf 85' lang='lat' dir='ltr'>quisquam</span> <span class='ocrx_word' id='word_1_121' title='bbox 343 1927 434 1968; x_wconf 80' lang='lat' dir='ltr'>aeratas</span> <span class='ocrx_word' id='word_1_122' title='bbox 446 1911 514 1969; x_wconf 80' lang='lat' dir='ltr'>acies</span> <span class='ocrx_word' id='word_1_123' title='bbox 524 1933 560 1970; x_wconf 81' lang='lat' dir='ltr'>ex</span> <span class='ocrx_word' id='word_1_124' title='bbox 571 1915 676 1986; x_wconf 78' lang='lat' dir='ltr'>agmine</span> <span class='ocrx_word' id='word_1_125' title='bbox 685 1929 761 1968; x_wconf 87' lang='lat' dir='ltr'>tanto</span> 
     </span>
    </p>

    <p class='ocr_par' dir='ltr' id='par_1_11' title="bbox 125 2010 735 2082">
     <span class='ocr_line' id='line_1_19' title="bbox 125 2010 735 2082; baseline 0.003 -20"><span class='ocrx_word' id='word_1_126' title='bbox 125 2010 235 2064; x_wconf 86' lang='lat' dir='ltr'>Misceri</span> <span class='ocrx_word' id='word_1_127' title='bbox 246 2023 339 2079; x_wconf 82' lang='lat' dir='ltr'>putet,</span> <span class='ocrx_word' id='word_1_128' title='bbox 352 2011 451 2064; x_wconf 77' lang='lat' dir='ltr'>airiam</span> <span class='ocrx_word' id='word_1_129' title='bbox 462 2011 507 2065; x_wconf 86' lang='lat' dir='ltr'>sed</span> <span class='ocrx_word' id='word_1_130' title='bbox 522 2012 625 2082; x_wconf 81' lang='lat' dir='ltr'>gurgite</span> <span class='ocrx_word' id='word_1_131' title='bbox 637 2013 667 2064; x_wconf 85' lang='lat' dir='ltr'>ab</span> <span class='ocrx_word' id='word_1_132' title='bbox 679 2015 735 2065; x_wconf 83' lang='lat' dir='ltr'>aito</span> 
     </span>
    </p>

    <p class='ocr_par' dir='ltr' id='par_1_12' title="bbox 124 2101 921 2178">
     <span class='ocr_line' id='line_1_20' title="bbox 124 2101 921 2178; baseline -0.004 -16"><span class='ocrx_word' id='word_1_133' title='bbox 124 2101 222 2178; x_wconf 80' lang='lat' dir='ltr'>Urgeri</span> <span class='ocrx_word' id='word_1_134' title='bbox 232 2109 373 2162; x_wconf 83' lang='lat' dir='ltr'>volucrum</span> <span class='ocrx_word' id='word_1_135' title='bbox 385 2123 522 2159; x_wconf 87' lang='lat' dir='ltr'>raucarum</span> <span class='ocrx_word' id='word_1_136' title='bbox 534 2109 565 2160; x_wconf 88' lang='lat' dir='ltr'>ad</span> <span class='ocrx_word' id='word_1_137' title='bbox 575 2105 667 2158; x_wconf 85' lang='lat' dir='ltr'>littora</span> <span class='ocrx_word' id='word_1_138' title='bbox 676 2108 782 2159; x_wconf 86' lang='lat' dir='ltr'>nubem.</span> <span class='ocrx_word' id='word_1_139' title='bbox 870 2120 921 2172; x_wconf 79' lang='lat'>705</span> 
     </span>
    </p>

    <p class='ocr_par' dir='ltr' id='par_1_13' title="bbox 160 2183 853 2276">
     <span class='ocr_line' id='line_1_21' title="bbox 160 2183 853 2276; baseline -0.003 -18"><span class='ocrx_word' id='word_1_140' title='bbox 160 2205 228 2258; x_wconf 87' lang='lat' dir='ltr'>Ecce</span> <span class='ocrx_word' id='word_1_141' title='bbox 239 2243 246 2268; x_wconf 85' lang='lat'>,</span> <span class='ocrx_word' id='word_1_142' title='bbox 259 2205 417 2258; x_wconf 82' lang='lat' dir='ltr'>Sabinorum</span> <span class='ocrx_word' id='word_1_143' title='bbox 427 2183 515 2273; x_wconf 74' lang='lat' dir='ltr'>lirisco</span> <span class='ocrx_word' id='word_1_144' title='bbox 527 2205 558 2276; x_wconf 82' lang='lat' dir='ltr'>de</span> <span class='ocrx_word' id='word_1_145' title='bbox 570 2201 715 2273; x_wconf 82' lang='lat' dir='ltr'>sanguine,</span> <span class='ocrx_word' id='word_1_146' title='bbox 727 2219 853 2272; x_wconf 81' lang='lat' dir='ltr'>magnum</span> 
     </span>
    </p>

    <p class='ocr_par' dir='ltr' id='par_1_14' title="bbox 125 2299 871 2468">
     <span class='ocr_line' id='line_1_22' title="bbox 125 2299 871 2373; baseline 0 -19"><span class='ocrx_word' id='word_1_147' title='bbox 125 2304 229 2373; x_wconf 80' lang='lat' dir='ltr'>Agmen</span> <span class='ocrx_word' id='word_1_148' title='bbox 236 2319 316 2372; x_wconf 79' lang='lat' dir='ltr'>agens</span> <span class='ocrx_word' id='word_1_149' title='bbox 324 2303 442 2366; x_wconf 81' lang='lat' dir='ltr'>Clausus,</span> <span class='ocrx_word' id='word_1_150' title='bbox 449 2300 591 2372; x_wconf 81' lang='lat' dir='ltr'>magnique</span> <span class='ocrx_word' id='word_1_151' title='bbox 599 2301 654 2371; x_wconf 83' lang='lat' dir='ltr'>ipse</span> <span class='ocrx_word' id='word_1_152' title='bbox 662 2299 776 2372; x_wconf 82' lang='lat' dir='ltr'>agminis</span> <span class='ocrx_word' id='word_1_153' title='bbox 783 2299 871 2354; x_wconf 81' lang='lat' dir='ltr'>instet:</span> 
     </span>
     <span class='ocr_line' id='line_1_23' title="bbox 129 2397 816 2468; baseline -0.004 -15"><span class='ocrx_word' id='word_1_154' title='bbox 129 2399 238 2457; x_wconf 82' lang='lat' dir='ltr'>Claudia</span> <span class='ocrx_word' id='word_1_155' title='bbox 247 2415 317 2452; x_wconf 89' lang='lat' dir='ltr'>nunc</span> <span class='ocrx_word' id='word_1_156' title='bbox 327 2417 342 2452; x_wconf 84' lang='lat' dir='ltr'>a</span> <span class='ocrx_word' id='word_1_157' title='bbox 353 2415 407 2468; x_wconf 90' lang='lat' dir='ltr'>quo</span> <span class='ocrx_word' id='word_1_158' title='bbox 418 2397 573 2451; x_wconf 81' lang='lat' dir='ltr'>diffunditur</span> <span class='ocrx_word' id='word_1_159' title='bbox 586 2399 612 2451; x_wconf 74' lang='grc' dir='ltr'>δι</span> <span class='ocrx_word' id='word_1_160' title='bbox 622 2398 704 2451; x_wconf 82' lang='lat' dir='ltr'>tribus</span> <span class='ocrx_word' id='word_1_161' title='bbox 716 2399 816 2468; x_wconf 79' lang='lat' dir='ltr'>&amp;gens</span> 
     </span>
    </p>

    <p class='ocr_par' dir='ltr' id='par_1_15' title="bbox 127 2491 931 2859">
     <span class='ocr_line' id='line_1_24' title="bbox 127 2491 871 2568; baseline -0.005 -16"><span class='ocrx_word' id='word_1_162' title='bbox 127 2499 176 2552; x_wconf 86' lang='lat' dir='ltr'>Per</span> <span class='ocrx_word' id='word_1_163' title='bbox 181 2499 301 2562; x_wconf 86' lang='lat' dir='ltr'>Latium,</span> <span class='ocrx_word' id='word_1_164' title='bbox 312 2497 450 2568; x_wconf 84' lang='lat' dir='ltr'>postquam</span> <span class='ocrx_word' id='word_1_165' title='bbox 457 2497 486 2550; x_wconf 93' lang='lat' dir='ltr'>in</span> <span class='ocrx_word' id='word_1_166' title='bbox 491 2491 593 2566; x_wconf 79' lang='lat' dir='ltr'>partem</span> <span class='ocrx_word' id='word_1_167' title='bbox 600 2498 658 2550; x_wconf 83' lang='lat' dir='ltr'>dara</span> <span class='ocrx_word' id='word_1_168' title='bbox 664 2497 752 2549; x_wconf 83' lang='lat' dir='ltr'>Roma</span> <span class='ocrx_word' id='word_1_169' title='bbox 758 2495 871 2549; x_wconf 86' lang='lat' dir='ltr'>Sabinis.</span> 
     </span>
     <span class='ocr_line' id='line_1_25' title="bbox 127 2593 931 2667; baseline -0.006 -17"><span class='ocrx_word' id='word_1_170' title='bbox 127 2597 188 2650; x_wconf 81' lang='lat' dir='ltr'>Uni</span> <span class='ocrx_word' id='word_1_171' title='bbox 199 2597 294 2667; x_wconf 77' lang='lat' dir='ltr'>ingens</span> <span class='ocrx_word' id='word_1_172' title='bbox 303 2595 440 2649; x_wconf 78' lang='lat' dir='ltr'>Amiterna</span> <span class='ocrx_word' id='word_1_173' title='bbox 449 2595 562 2660; x_wconf 82' lang='lat' dir='ltr'>cohors,</span> <span class='ocrx_word' id='word_1_174' title='bbox 575 2593 708 2664; x_wconf 87' lang='lat' dir='ltr'>priscique</span> <span class='ocrx_word' id='word_1_175' title='bbox 716 2593 837 2660; x_wconf 85' lang='lat' dir='ltr'>Quirites</span> <span class='ocrx_word' id='word_1_176' title='bbox 848 2610 855 2646; x_wconf 74' lang='grc' dir='ltr'><em>τ</em></span> <span class='ocrx_word' id='word_1_177' title='bbox 867 2594 931 2660; x_wconf 86' lang='lat'>&#39;710</span> 
     </span>
     <span class='ocr_line' id='line_1_26' title="bbox 127 2673 924 2761; baseline -0.01 -13"><span class='ocrx_word' id='word_1_178' title='bbox 127 2695 200 2748; x_wconf 85' lang='lat' dir='ltr'>Ereti</span> <span class='ocrx_word' id='word_1_179' title='bbox 212 2709 305 2747; x_wconf 82' lang='lat' dir='ltr'>manus</span> <span class='ocrx_word' id='word_1_180' title='bbox 317 2692 421 2756; x_wconf 82' lang='lat' dir='ltr'>omnis,</span> <span class='ocrx_word' id='word_1_181' title='bbox 433 2679 616 2761; x_wconf 64' lang='lat' dir='ltr'>oliviferaeque</span> <span class='ocrx_word' id='word_1_182' title='bbox 627 2690 776 2750; x_wconf 74' lang='lat' dir='ltr'>Mutuscae3</span> <span class='ocrx_word' id='word_1_183' title='bbox 913 2673 924 2684; x_wconf 56' lang='lat'><strong><em>‘</em></strong></span> 
     </span>
     <span class='ocr_line' id='line_1_27' title="bbox 127 2785 900 2859; baseline -0.013 -14"><span class='ocrx_word' id='word_1_184' title='bbox 127 2793 184 2859; x_wconf 85' lang='lat' dir='ltr'>Qui</span> <span class='ocrx_word' id='word_1_185' title='bbox 194 2793 360 2845; x_wconf 85' lang='lat' dir='ltr'>Nomentum</span> <span class='ocrx_word' id='word_1_186' title='bbox 371 2790 462 2842; x_wconf 83' lang='lat' dir='ltr'>urbem</span> <span class='ocrx_word' id='word_1_187' title='bbox 473 2829 480 2853; x_wconf 81' lang='grc'><em>,</em></span> <span class='ocrx_word' id='word_1_188' title='bbox 494 2789 539 2858; x_wconf 89' lang='lat' dir='ltr'>qui</span> <span class='ocrx_word' id='word_1_189' title='bbox 551 2788 626 2840; x_wconf 87' lang='lat' dir='ltr'>rosea</span> <span class='ocrx_word' id='word_1_190' title='bbox 636 2803 695 2840; x_wconf 82' lang='lat' dir='ltr'>rura</span> <span class='ocrx_word' id='word_1_191' title='bbox 706 2785 800 2839; x_wconf 85' lang='lat' dir='ltr'>Velini</span> <span class='ocrx_word' id='word_1_192' title='bbox 810 2802 820 2844; x_wconf 89' lang='lat'>·‚</span> <span class='ocrx_word' id='word_1_193' title='bbox 891 2806 900 2809; x_wconf 87' lang='lat'><em>·</em></span> 
     </span>
    </p>
   </div>
   <div class='ocr_carea' id='block_1_3' title="bbox 127 2871 873 3044">
    <p class='ocr_par' dir='ltr' id='par_1_16' title="bbox 127 2871 873 3044">
     <span class='ocr_line' id='line_1_28' title="bbox 127 2871 873 2960; baseline -0.017 -15"><span class='ocrx_word' id='word_1_194' title='bbox 127 2881 304 2960; x_wconf 73' lang='lat' dir='ltr'>QuiTetricoe</span> <span class='ocrx_word' id='word_1_195' title='bbox 310 2889 448 2944; x_wconf 84' lang='lat' dir='ltr'>horrentes</span> <span class='ocrx_word' id='word_1_196' title='bbox 456 2903 543 2957; x_wconf 86' lang='lat' dir='ltr'>rupes,</span> <span class='ocrx_word' id='word_1_197' title='bbox 555 2871 873 2953; x_wconf 77' lang='lat' dir='ltr'>montemq&#39;ueSevemm‚</span> 
     </span>
     <span class='ocr_line' id='line_1_29' title="bbox 685 2977 753 3044; baseline 0 -13"><span class='ocrx_word' id='word_1_198' title='bbox 685 2979 704 3031; x_wconf 81' lang='lat' dir='ltr'>a</span> <span class='ocrx_word' id='word_1_199' title='bbox 725 2977 753 3044; x_wconf 73' lang='lat' dir='ltr'>ra</span> 
     </span>
    </p>
   </div>
   <div class='ocr_carea' id='block_1_4' title="bbox 0 0 1023 3462">
    <p class='ocr_par' dir='ltr' id='par_1_17' title="bbox 0 0 1023 3462">
     <span class='ocr_line' id='line_1_30' title="bbox 0 0 1023 3462; baseline 0 0"><span class='ocrx_word' id='word_1_200' title='bbox 0 0 1023 3462; x_wconf 95' lang='lat' dir='ltr'> </span> 
     </span>
    </p>
   </div>
  </div>
 </body>
</html>
