2036 3480
10 189 56 260 Ὗ
150 219 153 224 ·
250 222 670 310 unsrun.
735 229 812 334 189

69 388 173 459 Eripuit
182 389 276 441 Turno
289 408 295 440 ε
309 405 358 440 nec
368 387 417 440 Dii
430 404 521 441 texere
534 389 705 456 Cupencum,

72 486 157 538 AEned
168 485 296 538 veniente
307 526 314 550 ,
327 485 384 539 sui:
398 485 468 538 dedit
480 484 560 537 obvia
569 485 639 538 fe'rro
822 492 874 548 540

72 581 184 636 Pediora
196 623 203 647 ,
219 599 268 636 nec
280 583 379 636 misero
390 583 481 653 clypei
492 599 567 635 mora
577 580 679 651 profuit
690 579 763 635 aerei.
790 650 793 656 ¹

74 682 114 733 Te
126 698 233 750 quoque
244 682 387 734 Laurentes
396 680 522 734 viderunt
532 721 539 745 ‚
551 679 628 733 AEole
639 719 646 743 ,
659 678 746 746 campi

75 777 212 846 Oppetere
224 819 232 843 ‚
249 780 276 831 δι
286 778 340 832 lat'e
350 794 447 832 terram
458 778 623 832 consternere
633 791 719 847 tergo.

76 875 186 929 Occidis
197 916 205 940 ‚
221 877 327 946 Argivae
338 893 417 946 quem
427 893 483 927 non
493 889 605 944 potuere
614 875 756 944 phalanges

76 975 199 1026 Sternere
210 1013 218 1037 ,
231 991 279 1027 nec
288 973 386 1026 Priami
397 989 540 1043 regnorum
550 971 657 1024 eversor
666 971 792 1023 Achilles.
826 982 874 1036 545

78 1069 130 1122 Hie
140 1068 188 1122 tibi
198 1069 293 1123 mortis
304 1085 378 1122 erant
390 1083 467 1121 metae
478 1087 487 1129 ·,
498 1069 594 1120 domus
605 1069 655 1120 alta
665 1066 710 1120 sub
721 1069 765 1119 lda
776 1107 783 1132 ,

78 1165 199 1237 Lyrnelli
208 1168 303 1219 domus
314 1168 365 1218 alta
375 1185 383 1225 ·‚
394 1165 453 1218 solo
463 1166 592 1217 Laurente
602 1165 759 1232 sepulcrum.

79 1264 157 1316 Totae
168 1264 234 1315 adeo
246 1263 380 1316 conuersae
393 1263 461 1316 acies
473 1262 616 1330 omnesque
626 1261 732 1324 Latini,

81 1360 184 1413 Omnes
197 1359 354 1412 Dardanidae
366 1379 372 1412 ε
388 1357 540 1412 Mnestheus
552 1398 559 1422 ‚
571 1374 681 1428 acerque
693 1357 824 1422 Serestus,

81 1459 114 1509 Et
124 1455 257 1525 Messapus
268 1457 365 1526 equdm
376 1455 495 1508 domitor
505 1494 513 1519 ,
525 1455 550 1508 δι
560 1455 637 1508 fortis
650 1454 762 1525 Mylas,
831 1468 881 1524 550

83 1552 285 1621 Tuscorumque
296 1553 412 1620 phalanx
424 1593 431 1618 ,
444 1551 611 1623 Evandrique
622 1551 730 1605 Arcadis
742 1555 807 1616 alae,

84 1652 137 1704 Pro
150 1650 177 1702 se
188 1649 299 1719 quisque
309 1649 363 1702 viri
372 1651 472 1704 summi
483 1641 603 1704 rlituntur
613 1669 695 1721 opum
705 1651 744 1706 vi.

84 1750 141 1801 Nec
154 1763 228 1800 mora
241 1787 249 1812 ‚
265 1765 314 1802 nec
323 1749 428 1819 requies
439 1769 446 1803 ε
458 1749 533 1804 vasto
543 1750 685 1804 certamine
696 1751 815 1803 tendunt.

123 1845 173 1897 llic
182 1861 299 1898 mentem
308 1846 399 1898 AEneae
410 1846 527 1915 genitrix
536 1847 711 1914 pulcherrima
722 1847 809 1911 misit,

86 1945 140 1996 Iret
149 1957 179 1994 ut
190 1943 222 1994 ad
231 1957 322 1992 muros
334 1941 462 2009 ‚urbique
472 1943 619 1993 adverteret
629 1959 723 2013 agmen
835 1957 882 2010 555

89 2037 173 2093 Ociirs
185 2078 192 2103 ,
203 2039 229 2091 &
242 2035 325 2089 subita
338 2037 453 2087 turbaret
465 2037 537 2088 clade
548 2037 667 2091 Latinos.

87 2138 154 2200 Ille,
170 2149 200 2188 ut
208 2133 340 2204 vestigans
350 2131 452 2185 diversa
461 2149 508 2200 per
517 2131 621 2201 agmina
630 2133 748 2186 Turnum
760 2176 768 2200 ‚

90 2234 149 2284 Huc
162 2246 240 2300 atque
251 2231 302 2282 lruc
313 2229 382 2283 acies
394 2227 573 2289 circumtulit;
586 2229 678 2298 aspicit
686 2232 777 2283 urbem
800 2225 802 2228 ’

91 2332 242 2382 Immunem
253 2328 320 2382 tanti
329 2327 393 2380 belli
405 2366 412 2392 ‚
425 2343 503 2396 atque
514 2326 623 2394 impun'e
634 2325 759 2396 quietam.

93 2423 232 2480 Continui>
243 2441 338 2494 pugnae
348 2423 465 2476 accendit
478 2421 585 2487 majoris
596 2423 695 2493 imago.
841 2431 892 2499 560

93 2523 238 2588 Mnesthea,
246 2519 835 2592 Sergestumquevocat,iortemqueSerestum

95 2619 243 2680 Dudlorest
254 2623 438 2688 tumulumque
447 2618 532 2687 capit,
545 2617 599 2689 qud
609 2632 695 2672 cetera
704 2621 836 2674 Teucrilm

98 2714 240 2769 Concurrit
248 2715 319 2784 legio
331 2753 338 2778 ‚
351 2731 399 2768 nec
410 2715 481 2768 scuta
491 2729 536 2767 aut
544 2713 643 2784 spicula
652 2717 722 2770 dellfi

96 2817 255 2882 Deponunt.
267 2811 344 2864 Celso
356 2813 456 2866 medius
466 2812 533 2865 stans
543 2830 636 2884 aggere
645 2813 731 2867 satur:
785 2839 796 2880 s

97 2911 139 2964 Ne
153 2925 204 2980 qua
215 2905 281 2962 meis
292 2906 347 2962 esto
358 2906 433 2963 dietis
444 2925 536 2972 morai
547 2910 651 2980 Jupiter
659 2909 707 2964 hac
716 2909 781 2968 stat:
843 2919 890 2987 565
