2036 3480
308 189 570 270 Cusum
745 211 820 295 υς

79 352 114 404 Et
124 349 196 420 quod
207 365 263 406 erat
274 352 363 406 tardus
374 391 382 416 ‚
395 350 472 404 omni
482 352 610 420 languore
621 361 747 414 remoto,

80 446 192 500 Nescius
204 487 211 513 ‚
224 448 372 517 aspiciens,
391 447 474 501 timot
486 449 666 501 obcaecaverat
676 460 766 500 artus:

81 543 143 596 Hoc
156 544 245 600 minus
258 545 390 615 implicuit
399 545 456 599 dist
465 545 609 601 formidine
620 558 749 599 mentem.
842 553 844 556 '

80 640 173 708 Quem
183 641 322 712 postquam
330 621 399 696 vidit
409 643 505 696 caesum
513 642 699 713 languescere,
715 638 792 694 sedit.
830 653 887 698 200

81 735 97 792 J
100 754 143 790 am
153 737 253 808 quatit,
265 740 292 793 δι
300 738 403 811 biiuges
412 739 503 794 oriens
511 741 597 793 Erebo
607 739 645 792 cir
654 754 739 809 equos
747 739 832 803 Nox,

83 834 120 888 Et
126 835 203 906 piger
215 851 308 890 aurato
319 837 442 906 procedit
453 833 557 906 Vesper
569 837 600 890 ab
612 838 687 890 OEta:

85 933 156 984 Cum
168 949 248 1003 grege
257 935 398 1002 compulso
408 933 495 1003 pastor
505 931 698 1002 duplicantibus
707 929 808 985 umbris

85 1027 189 1094 Vadit,
202 1028 229 1082 δι
238 1028 267 1082 in
276 1027 354 1084 seffos
364 1029 485 1101 requiem
496 1031 558 1082 dare
570 1042 706 1097 comparat
716 1042 798 1083 arms.

89 1125 174 1192 Cuius
183 1140 214 1181 ut
223 1126 334 1181 intravit
344 1128 434 1182 leuior
443 1143 491 1197 per
500 1141 614 1196 corpora
626 1126 734 1178 somnus
746 1165 753 1190 ‚
838 1137 889 1193 205

89 1223 276 1294 Languidaque
286 1223 370 1278 effuso
381 1223 536 1294 requientnt
546 1224 663 1276 membra
673 1223 769 1293 sopore
779 1241 789 1284 3

90 1321 195 1393 Effigies
208 1323 241 1376 ad
249 1339 311 1376 eum
321 1321 422 1376 Culicis
431 1320 541 1376 devenir
553 1341 560 1375 :
571 1322 597 1374 δι
606 1321 648 1374 illi

90 1417 184 1472 Tristis
194 1419 226 1472 ab
235 1431 336 1474 eventu
346 1417 445 1474 cecinit
455 1418 577 1472 convitia
585 1417 691 1474 mortis.

91 1515 200 1585 lnquit:
212 1516 277 1586 quid
286 1516 415 1582 meritus,
433 1518 466 1569 ad
477 1533 536 1585 que
547 1516 648 1568 delatus
660 1515 765 1568 acerbas

94 1614 187 1682 Cogor
198 1612 269 1664 adire
279 1612 375 1668 vices?
386 1628 431 1667 tua
442 1614 505 1667 dum
518 1611 585 1666 mihi
596 1610 683 1665 carior
695 1610 751 1680 ipsa
843 1622 898 1662 210

94 1707 161 1762 Vita
171 1707 288 1762 suitvitl
300 1748 308 1774 ,
321 1708 412 1780 rapior
422 1726 471 1779 per
483 1708 572 1762 inania
580 1709 689 1762 ventis:

96 1806 138 1858 Tu
146 1807 233 1859 lentus
243 1807 350 1862 refoves
359 1807 472 1874 iucundi
482 1807 697 1878 membraquiete

95 1903 207 1972 Ereptus
217 1903 293 1956 tetris
305 1919 320 1956 e
332 1905 448 1957 cladibus
460 1923 467 1956 ε
481 1919 508 1956 ar
520 1921 579 1958 mea
591 1906 686 1959 Manes

96 1998 208 2053 Viscera
216 1999 335 2052 Letbaeas
346 2013 448 2070 cogunt
456 2014 559 2053 tranare
571 2017 619 2069 per
627 2003 720 2055 undas.

97 2095 187 2148 Praeda
199 2095 342 2148 Charontis
353 2111 419 2166 agor
430 2113 437 2147 ε
448 2094 569 2148 viden’ut
577 2083 715 2166 flagrantia
722 2095 798 2152 taeelis
845 2106 896 2160 215

99 2191 213 2246 Lumina
221 2193 354 2246 collucent
363 2190 463 2245 infestis
473 2192 565 2245 omnia
574 2193 700 2261 templis?

102 2288 193 2342 Obvia
201 2287 347 2358 Tisiphone
356 2288 521 2358 serpentibus
531 2289 647 2359 undique
657 2303 763 2356 comta,

101 2385 135 2438 Et
147 2384 266 2438 flammas
279 2385 306 2437 ἃ
317 2385 386 2438 saeva
396 2385 480 2454 quatit
492 2384 560 2438 mibi
570 2387 681 2440 verbera
692 2404 790 2456 poenae.

105 2481 270 2536 Cerberus&
279 2482 342 2535 diris
352 2483 465 2554 flagrans
477 2483 613 2536 latratibus
625 2501 687 2549 ora,

104 2577 241 2648 Anguibus
248 2578 311 2632 hinc
320 2595 399 2650 atque
407 2580 469 2634 hinc
478 2581 588 2634 horrent
594 2581 637 2634 cui
647 2583 716 2635 colla
724 2579 831 2636 reflexis
839 2599 906 2650 ‚220

107 2673 301 2744 Sanguineique
311 2663 409 2730 micant
418 2677 538 2731 ardorem
548 2677 657 2731 luminis
667 2679 754 2734 orbes.

106 2773 169 2824 lieu
179 2774 187 2824 l
198 2769 262 2839 quid
270 2772 301 2822 ab
312 2771 400 2825 officio
410 2772 520 2843 digressa
528 2773 565 2826 eli
576 2774 658 2844 gratia
669 2815 676 2840 ‚
692 2777 752 2830 crim
760 2790 788 2832 te

107 2866 222 2928 Restitui
233 2866 333 2938 superis
342 2867 408 2926 lethi
416 2869 469 2937 iam
478 2871 614 2928 limine'ab
622 2872 699 2944 ipso?
